%YAML 1.1
%TAG !u! tag:unity3d.com,2011:
--- !u!29 &1
OcclusionCullingSettings:
  m_ObjectHideFlags: 0
  serializedVersion: 2
  m_OcclusionBakeSettings:
    smallestOccluder: 5
    smallestHole: 0.25
    backfaceThreshold: 100
  m_SceneGUID: 00000000000000000000000000000000
  m_OcclusionCullingData: {fileID: 0}
--- !u!104 &2
RenderSettings:
  m_ObjectHideFlags: 0
  serializedVersion: 9
  m_Fog: 0
  m_FogColor: {r: 0.5, g: 0.5, b: 0.5, a: 1}
  m_FogMode: 3
  m_FogDensity: 0.01
  m_LinearFogStart: 0
  m_LinearFogEnd: 300
  m_AmbientSkyColor: {r: 0.212, g: 0.227, b: 0.259, a: 1}
  m_AmbientEquatorColor: {r: 0.114, g: 0.125, b: 0.133, a: 1}
  m_AmbientGroundColor: {r: 0.047, g: 0.043, b: 0.035, a: 1}
  m_AmbientIntensity: 1
  m_AmbientMode: 3
  m_SubtractiveShadowColor: {r: 0.42, g: 0.478, b: 0.627, a: 1}
  m_SkyboxMaterial: {fileID: 0}
  m_HaloStrength: 0.5
  m_FlareStrength: 1
  m_FlareFadeSpeed: 3
  m_HaloTexture: {fileID: 0}
  m_SpotCookie: {fileID: 10001, guid: 0000000000000000e000000000000000, type: 0}
  m_DefaultReflectionMode: 0
  m_DefaultReflectionResolution: 128
  m_ReflectionBounces: 1
  m_ReflectionIntensity: 1
  m_CustomReflection: {fileID: 0}
  m_Sun: {fileID: 0}
  m_IndirectSpecularColor: {r: 0, g: 0, b: 0, a: 1}
  m_UseRadianceAmbientProbe: 0
--- !u!157 &3
LightmapSettings:
  m_ObjectHideFlags: 0
  serializedVersion: 11
  m_GIWorkflowMode: 1
  m_GISettings:
    serializedVersion: 2
    m_BounceScale: 1
    m_IndirectOutputScale: 1
    m_AlbedoBoost: 1
    m_EnvironmentLightingMode: 0
    m_EnableBakedLightmaps: 0
    m_EnableRealtimeLightmaps: 0
  m_LightmapEditorSettings:
    serializedVersion: 12
    m_Resolution: 2
    m_BakeResolution: 40
    m_AtlasSize: 1024
    m_AO: 0
    m_AOMaxDistance: 1
    m_CompAOExponent: 1
    m_CompAOExponentDirect: 0
    m_ExtractAmbientOcclusion: 0
    m_Padding: 2
    m_LightmapParameters: {fileID: 0}
    m_LightmapsBakeMode: 1
    m_TextureCompression: 1
    m_FinalGather: 0
    m_FinalGatherFiltering: 1
    m_FinalGatherRayCount: 256
    m_ReflectionCompression: 2
    m_MixedBakeMode: 2
    m_BakeBackend: 0
    m_PVRSampling: 1
    m_PVRDirectSampleCount: 32
    m_PVRSampleCount: 500
    m_PVRBounces: 2
    m_PVREnvironmentSampleCount: 500
    m_PVREnvironmentReferencePointCount: 2048
    m_PVRFilteringMode: 2
    m_PVRDenoiserTypeDirect: 0
    m_PVRDenoiserTypeIndirect: 0
    m_PVRDenoiserTypeAO: 0
    m_PVRFilterTypeDirect: 0
    m_PVRFilterTypeIndirect: 0
    m_PVRFilterTypeAO: 0
    m_PVREnvironmentMIS: 0
    m_PVRCulling: 1
    m_PVRFilteringGaussRadiusDirect: 1
    m_PVRFilteringGaussRadiusIndirect: 5
    m_PVRFilteringGaussRadiusAO: 2
    m_PVRFilteringAtrousPositionSigmaDirect: 0.5
    m_PVRFilteringAtrousPositionSigmaIndirect: 2
    m_PVRFilteringAtrousPositionSigmaAO: 1
    m_ExportTrainingData: 0
    m_TrainingDataDestination: TrainingData
  m_LightingDataAsset: {fileID: 0}
  m_UseShadowmask: 1
--- !u!196 &4
NavMeshSettings:
  serializedVersion: 2
  m_ObjectHideFlags: 0
  m_BuildSettings:
    serializedVersion: 2
    agentTypeID: 0
    agentRadius: 0.5
    agentHeight: 2
    agentSlope: 45
    agentClimb: 0.4
    ledgeDropHeight: 0
    maxJumpAcrossDistance: 0
    minRegionArea: 2
    manualCellSize: 0
    cellSize: 0.16666667
    manualTileSize: 0
    tileSize: 256
    accuratePlacement: 0
    debug:
      m_Flags: 0
  m_NavMeshData: {fileID: 0}
--- !u!4 &12878623 stripped
Transform:
  m_CorrespondingSourceObject: {fileID: 2431887512986911591, guid: 3042a0432861c52429bd1dcdde81bb27,
    type: 3}
  m_PrefabInstance: {fileID: 1149005332}
  m_PrefabAsset: {fileID: 0}
--- !u!4 &48946994 stripped
Transform:
  m_CorrespondingSourceObject: {fileID: 2431887512986911591, guid: 3042a0432861c52429bd1dcdde81bb27,
    type: 3}
  m_PrefabInstance: {fileID: 1341163013}
  m_PrefabAsset: {fileID: 0}
--- !u!1001 &70879470
PrefabInstance:
  m_ObjectHideFlags: 0
  serializedVersion: 2
  m_Modification:
    m_TransformParent: {fileID: 1626526516}
    m_Modifications:
    - target: {fileID: 1392216174600409415, guid: ec4885ab510f9ab4cb9f244a346e9e48,
        type: 3}
      propertyPath: m_Name
      value: Island_1
      objectReference: {fileID: 0}
    - target: {fileID: 1791012251228922539, guid: ec4885ab510f9ab4cb9f244a346e9e48,
        type: 3}
      propertyPath: m_LocalPosition.x
      value: 0
      objectReference: {fileID: 0}
    - target: {fileID: 1791012251228922539, guid: ec4885ab510f9ab4cb9f244a346e9e48,
        type: 3}
      propertyPath: m_LocalPosition.y
      value: 0
      objectReference: {fileID: 0}
    - target: {fileID: 1791012251228922539, guid: ec4885ab510f9ab4cb9f244a346e9e48,
        type: 3}
      propertyPath: m_LocalPosition.z
      value: 0
      objectReference: {fileID: 0}
    - target: {fileID: 1791012251228922539, guid: ec4885ab510f9ab4cb9f244a346e9e48,
        type: 3}
      propertyPath: m_LocalRotation.x
      value: -0
      objectReference: {fileID: 0}
    - target: {fileID: 1791012251228922539, guid: ec4885ab510f9ab4cb9f244a346e9e48,
        type: 3}
      propertyPath: m_LocalRotation.y
      value: -0
      objectReference: {fileID: 0}
    - target: {fileID: 1791012251228922539, guid: ec4885ab510f9ab4cb9f244a346e9e48,
        type: 3}
      propertyPath: m_LocalRotation.z
      value: -0
      objectReference: {fileID: 0}
    - target: {fileID: 1791012251228922539, guid: ec4885ab510f9ab4cb9f244a346e9e48,
        type: 3}
      propertyPath: m_LocalRotation.w
      value: 1
      objectReference: {fileID: 0}
    - target: {fileID: 1791012251228922539, guid: ec4885ab510f9ab4cb9f244a346e9e48,
        type: 3}
      propertyPath: m_RootOrder
      value: 1
      objectReference: {fileID: 0}
    - target: {fileID: 1791012251228922539, guid: ec4885ab510f9ab4cb9f244a346e9e48,
        type: 3}
      propertyPath: m_LocalEulerAnglesHint.x
      value: 0
      objectReference: {fileID: 0}
    - target: {fileID: 1791012251228922539, guid: ec4885ab510f9ab4cb9f244a346e9e48,
        type: 3}
      propertyPath: m_LocalEulerAnglesHint.y
      value: 0
      objectReference: {fileID: 0}
    - target: {fileID: 1791012251228922539, guid: ec4885ab510f9ab4cb9f244a346e9e48,
        type: 3}
      propertyPath: m_LocalEulerAnglesHint.z
      value: 0
      objectReference: {fileID: 0}
    - target: {fileID: -1445864151015472218, guid: ec4885ab510f9ab4cb9f244a346e9e48,
        type: 3}
      propertyPath: isAlive
      value: 1
      objectReference: {fileID: 0}
    m_RemovedComponents: []
  m_SourcePrefab: {fileID: 100100000, guid: ec4885ab510f9ab4cb9f244a346e9e48, type: 3}
--- !u!1001 &159451631
PrefabInstance:
  m_ObjectHideFlags: 0
  serializedVersion: 2
  m_Modification:
    m_TransformParent: {fileID: 0}
    m_Modifications:
    - target: {fileID: 7742772196401104922, guid: 847be31922c19c348bff4563f9e3e627,
        type: 3}
      propertyPath: m_Name
      value: SceneController
      objectReference: {fileID: 0}
    - target: {fileID: 7742772196401104921, guid: 847be31922c19c348bff4563f9e3e627,
        type: 3}
      propertyPath: fadeController
      value: 
      objectReference: {fileID: 7647347952976402389}
    - target: {fileID: 7742772196401104920, guid: 847be31922c19c348bff4563f9e3e627,
        type: 3}
      propertyPath: m_LocalPosition.x
      value: 181.55139
      objectReference: {fileID: 0}
    - target: {fileID: 7742772196401104920, guid: 847be31922c19c348bff4563f9e3e627,
        type: 3}
      propertyPath: m_LocalPosition.y
      value: 136.55034
      objectReference: {fileID: 0}
    - target: {fileID: 7742772196401104920, guid: 847be31922c19c348bff4563f9e3e627,
        type: 3}
      propertyPath: m_LocalPosition.z
      value: -558.06964
      objectReference: {fileID: 0}
    - target: {fileID: 7742772196401104920, guid: 847be31922c19c348bff4563f9e3e627,
        type: 3}
      propertyPath: m_LocalRotation.x
      value: 0
      objectReference: {fileID: 0}
    - target: {fileID: 7742772196401104920, guid: 847be31922c19c348bff4563f9e3e627,
        type: 3}
      propertyPath: m_LocalRotation.y
      value: 0
      objectReference: {fileID: 0}
    - target: {fileID: 7742772196401104920, guid: 847be31922c19c348bff4563f9e3e627,
        type: 3}
      propertyPath: m_LocalRotation.z
      value: 0
      objectReference: {fileID: 0}
    - target: {fileID: 7742772196401104920, guid: 847be31922c19c348bff4563f9e3e627,
        type: 3}
      propertyPath: m_LocalRotation.w
      value: 1
      objectReference: {fileID: 0}
    - target: {fileID: 7742772196401104920, guid: 847be31922c19c348bff4563f9e3e627,
        type: 3}
      propertyPath: m_RootOrder
      value: 2
      objectReference: {fileID: 0}
    - target: {fileID: 7742772196401104920, guid: 847be31922c19c348bff4563f9e3e627,
        type: 3}
      propertyPath: m_LocalEulerAnglesHint.x
      value: 0
      objectReference: {fileID: 0}
    - target: {fileID: 7742772196401104920, guid: 847be31922c19c348bff4563f9e3e627,
        type: 3}
      propertyPath: m_LocalEulerAnglesHint.y
      value: 0
      objectReference: {fileID: 0}
    - target: {fileID: 7742772196401104920, guid: 847be31922c19c348bff4563f9e3e627,
        type: 3}
      propertyPath: m_LocalEulerAnglesHint.z
      value: 0
      objectReference: {fileID: 0}
    m_RemovedComponents: []
  m_SourcePrefab: {fileID: 100100000, guid: 847be31922c19c348bff4563f9e3e627, type: 3}
--- !u!114 &159451632 stripped
MonoBehaviour:
  m_CorrespondingSourceObject: {fileID: 7742772196401104921, guid: 847be31922c19c348bff4563f9e3e627,
    type: 3}
  m_PrefabInstance: {fileID: 159451631}
  m_PrefabAsset: {fileID: 0}
  m_GameObject: {fileID: 0}
  m_Enabled: 1
  m_EditorHideFlags: 0
  m_Script: {fileID: 11500000, guid: 8f1f2020083d9bc428bbb796da041159, type: 3}
  m_Name: 
  m_EditorClassIdentifier: 
--- !u!1 &176101624
GameObject:
  m_ObjectHideFlags: 0
  m_CorrespondingSourceObject: {fileID: 0}
  m_PrefabInstance: {fileID: 0}
  m_PrefabAsset: {fileID: 0}
  serializedVersion: 6
  m_Component:
  - component: {fileID: 176101625}
  - component: {fileID: 176101626}
  - component: {fileID: 176101627}
  m_Layer: 0
  m_Name: island_rocks_2
  m_TagString: Untagged
  m_Icon: {fileID: 0}
  m_NavMeshLayer: 0
  m_StaticEditorFlags: 0
  m_IsActive: 1
--- !u!4 &176101625
Transform:
  m_ObjectHideFlags: 0
  m_CorrespondingSourceObject: {fileID: 0}
  m_PrefabInstance: {fileID: 0}
  m_PrefabAsset: {fileID: 0}
  m_GameObject: {fileID: 176101624}
  m_LocalRotation: {x: -0, y: -0, z: -0, w: 1}
  m_LocalPosition: {x: -6.8, y: -5.03, z: 0}
  m_LocalScale: {x: 1, y: 1, z: 1}
  m_Children: []
  m_Father: {fileID: 1722651817}
  m_RootOrder: 2
  m_LocalEulerAnglesHint: {x: 0, y: 0, z: 0}
--- !u!212 &176101626
SpriteRenderer:
  m_ObjectHideFlags: 0
  m_CorrespondingSourceObject: {fileID: 0}
  m_PrefabInstance: {fileID: 0}
  m_PrefabAsset: {fileID: 0}
  m_GameObject: {fileID: 176101624}
  m_Enabled: 1
  m_CastShadows: 0
  m_ReceiveShadows: 0
  m_DynamicOccludee: 1
  m_MotionVectors: 1
  m_LightProbeUsage: 1
  m_ReflectionProbeUsage: 1
  m_RenderingLayerMask: 1
  m_RendererPriority: 0
  m_Materials:
  - {fileID: 10754, guid: 0000000000000000f000000000000000, type: 0}
  m_StaticBatchInfo:
    firstSubMesh: 0
    subMeshCount: 0
  m_StaticBatchRoot: {fileID: 0}
  m_ProbeAnchor: {fileID: 0}
  m_LightProbeVolumeOverride: {fileID: 0}
  m_ScaleInLightmap: 1
  m_ReceiveGI: 1
  m_PreserveUVs: 0
  m_IgnoreNormalsForChartDetection: 0
  m_ImportantGI: 0
  m_StitchLightmapSeams: 1
  m_SelectedEditorRenderState: 0
  m_MinimumChartSize: 4
  m_AutoUVMaxDistance: 0.5
  m_AutoUVMaxAngle: 89
  m_LightmapParameters: {fileID: 0}
  m_SortingLayerID: 1866638105
  m_SortingLayer: -1
  m_SortingOrder: 0
  m_Sprite: {fileID: 4869218668951388740, guid: bc232aa4ad284ff48b98f39ea44609c5,
    type: 3}
  m_Color: {r: 1, g: 1, b: 1, a: 1}
  m_FlipX: 0
  m_FlipY: 0
  m_DrawMode: 0
  m_Size: {x: 10.94, y: 6.18}
  m_AdaptiveModeThreshold: 0.5
  m_SpriteTileMode: 0
  m_WasSpriteAssigned: 1
  m_MaskInteraction: 0
  m_SpriteSortPoint: 0
--- !u!60 &176101627
PolygonCollider2D:
  m_ObjectHideFlags: 0
  m_CorrespondingSourceObject: {fileID: 0}
  m_PrefabInstance: {fileID: 0}
  m_PrefabAsset: {fileID: 0}
  m_GameObject: {fileID: 176101624}
  m_Enabled: 1
  m_Density: 1
  m_Material: {fileID: 0}
  m_IsTrigger: 0
  m_UsedByEffector: 0
  m_UsedByComposite: 0
  m_Offset: {x: 0, y: 0}
  m_SpriteTilingProperty:
    border: {x: 0, y: 0, z: 0, w: 0}
    pivot: {x: 0.5, y: 0.5}
    oldSize: {x: 10.94, y: 6.18}
    newSize: {x: 10.94, y: 6.18}
    adaptiveTilingThreshold: 0.5
    drawMode: 0
    adaptiveTiling: 0
  m_AutoTiling: 0
  m_Points:
    m_Paths:
    - - {x: -0.14802456, y: 2.694778}
      - {x: -2.8130674, y: 1.5452933}
      - {x: -4.5590277, y: 1.56669}
      - {x: -4.5220366, y: -0.3485322}
      - {x: -2.3, y: -3.09}
      - {x: 3.02, y: -3.09}
      - {x: 5.47, y: 1.5999999}
      - {x: 5.47, y: 2.99}
      - {x: 5.23, y: 3.09}
--- !u!1 &239102853
GameObject:
  m_ObjectHideFlags: 0
  m_CorrespondingSourceObject: {fileID: 0}
  m_PrefabInstance: {fileID: 0}
  m_PrefabAsset: {fileID: 0}
  serializedVersion: 6
  m_Component:
  - component: {fileID: 239102854}
  - component: {fileID: 239102855}
  - component: {fileID: 239102856}
  m_Layer: 0
  m_Name: island_rocks_3
  m_TagString: Untagged
  m_Icon: {fileID: 0}
  m_NavMeshLayer: 0
  m_StaticEditorFlags: 0
  m_IsActive: 1
--- !u!4 &239102854
Transform:
  m_ObjectHideFlags: 0
  m_CorrespondingSourceObject: {fileID: 0}
  m_PrefabInstance: {fileID: 0}
  m_PrefabAsset: {fileID: 0}
  m_GameObject: {fileID: 239102853}
  m_LocalRotation: {x: -0, y: -0, z: -0, w: 1}
  m_LocalPosition: {x: -7.199998, y: -9.63, z: 0}
  m_LocalScale: {x: 1, y: 1, z: 1}
  m_Children: []
  m_Father: {fileID: 1722651817}
  m_RootOrder: 3
  m_LocalEulerAnglesHint: {x: 0, y: 0, z: 0}
--- !u!212 &239102855
SpriteRenderer:
  m_ObjectHideFlags: 0
  m_CorrespondingSourceObject: {fileID: 0}
  m_PrefabInstance: {fileID: 0}
  m_PrefabAsset: {fileID: 0}
  m_GameObject: {fileID: 239102853}
  m_Enabled: 1
  m_CastShadows: 0
  m_ReceiveShadows: 0
  m_DynamicOccludee: 1
  m_MotionVectors: 1
  m_LightProbeUsage: 1
  m_ReflectionProbeUsage: 1
  m_RenderingLayerMask: 1
  m_RendererPriority: 0
  m_Materials:
  - {fileID: 10754, guid: 0000000000000000f000000000000000, type: 0}
  m_StaticBatchInfo:
    firstSubMesh: 0
    subMeshCount: 0
  m_StaticBatchRoot: {fileID: 0}
  m_ProbeAnchor: {fileID: 0}
  m_LightProbeVolumeOverride: {fileID: 0}
  m_ScaleInLightmap: 1
  m_ReceiveGI: 1
  m_PreserveUVs: 0
  m_IgnoreNormalsForChartDetection: 0
  m_ImportantGI: 0
  m_StitchLightmapSeams: 1
  m_SelectedEditorRenderState: 0
  m_MinimumChartSize: 4
  m_AutoUVMaxDistance: 0.5
  m_AutoUVMaxAngle: 89
  m_LightmapParameters: {fileID: 0}
  m_SortingLayerID: 1866638105
  m_SortingLayer: -1
  m_SortingOrder: 0
  m_Sprite: {fileID: -755320892825317659, guid: bc232aa4ad284ff48b98f39ea44609c5,
    type: 3}
  m_Color: {r: 1, g: 1, b: 1, a: 1}
  m_FlipX: 0
  m_FlipY: 0
  m_DrawMode: 0
  m_Size: {x: 8.68, y: 6.16}
  m_AdaptiveModeThreshold: 0.5
  m_SpriteTileMode: 0
  m_WasSpriteAssigned: 1
  m_MaskInteraction: 0
  m_SpriteSortPoint: 0
--- !u!60 &239102856
PolygonCollider2D:
  m_ObjectHideFlags: 0
  m_CorrespondingSourceObject: {fileID: 0}
  m_PrefabInstance: {fileID: 0}
  m_PrefabAsset: {fileID: 0}
  m_GameObject: {fileID: 239102853}
  m_Enabled: 1
  m_Density: 1
  m_Material: {fileID: 0}
  m_IsTrigger: 0
  m_UsedByEffector: 0
  m_UsedByComposite: 0
  m_Offset: {x: 0, y: 0}
  m_SpriteTilingProperty:
    border: {x: 0, y: 0, z: 0, w: 0}
    pivot: {x: 0.5, y: 0.5}
    oldSize: {x: 8.68, y: 6.16}
    newSize: {x: 8.68, y: 6.16}
    adaptiveTilingThreshold: 0.5
    drawMode: 0
    adaptiveTiling: 0
  m_AutoTiling: 0
  m_Points:
    m_Paths:
    - - {x: 3.6, y: 3.08}
      - {x: -1.67, y: 3.08}
      - {x: -4.3399997, y: 2.27}
      - {x: -4.3399997, y: -1.5999999}
      - {x: -2.04, y: -3.08}
      - {x: 0.7, y: -3.08}
      - {x: 1.68, y: -2.34}
      - {x: 4.3399997, y: -0.32}
      - {x: 4.3399997, y: 1.5699999}
--- !u!1001 &244167518
PrefabInstance:
  m_ObjectHideFlags: 0
  serializedVersion: 2
  m_Modification:
    m_TransformParent: {fileID: 781289089}
    m_Modifications:
    - target: {fileID: 347624670521302470, guid: 3042a0432861c52429bd1dcdde81bb27,
        type: 3}
      propertyPath: m_Name
      value: Normal seed (8)
      objectReference: {fileID: 0}
    - target: {fileID: 2431887512986911591, guid: 3042a0432861c52429bd1dcdde81bb27,
        type: 3}
      propertyPath: m_LocalPosition.x
      value: 12.789999
      objectReference: {fileID: 0}
    - target: {fileID: 2431887512986911591, guid: 3042a0432861c52429bd1dcdde81bb27,
        type: 3}
      propertyPath: m_LocalPosition.y
      value: 9.272968
      objectReference: {fileID: 0}
    - target: {fileID: 2431887512986911591, guid: 3042a0432861c52429bd1dcdde81bb27,
        type: 3}
      propertyPath: m_LocalPosition.z
      value: 78.21484
      objectReference: {fileID: 0}
    - target: {fileID: 2431887512986911591, guid: 3042a0432861c52429bd1dcdde81bb27,
        type: 3}
      propertyPath: m_LocalRotation.x
      value: -0
      objectReference: {fileID: 0}
    - target: {fileID: 2431887512986911591, guid: 3042a0432861c52429bd1dcdde81bb27,
        type: 3}
      propertyPath: m_LocalRotation.y
      value: -0
      objectReference: {fileID: 0}
    - target: {fileID: 2431887512986911591, guid: 3042a0432861c52429bd1dcdde81bb27,
        type: 3}
      propertyPath: m_LocalRotation.z
      value: -0
      objectReference: {fileID: 0}
    - target: {fileID: 2431887512986911591, guid: 3042a0432861c52429bd1dcdde81bb27,
        type: 3}
      propertyPath: m_LocalRotation.w
      value: 1
      objectReference: {fileID: 0}
    - target: {fileID: 2431887512986911591, guid: 3042a0432861c52429bd1dcdde81bb27,
        type: 3}
      propertyPath: m_RootOrder
      value: 5
      objectReference: {fileID: 0}
    - target: {fileID: 2431887512986911591, guid: 3042a0432861c52429bd1dcdde81bb27,
        type: 3}
      propertyPath: m_LocalEulerAnglesHint.x
      value: 0
      objectReference: {fileID: 0}
    - target: {fileID: 2431887512986911591, guid: 3042a0432861c52429bd1dcdde81bb27,
        type: 3}
      propertyPath: m_LocalEulerAnglesHint.y
      value: 0
      objectReference: {fileID: 0}
    - target: {fileID: 2431887512986911591, guid: 3042a0432861c52429bd1dcdde81bb27,
        type: 3}
      propertyPath: m_LocalEulerAnglesHint.z
      value: 0
      objectReference: {fileID: 0}
    m_RemovedComponents: []
  m_SourcePrefab: {fileID: 100100000, guid: 3042a0432861c52429bd1dcdde81bb27, type: 3}
--- !u!1 &352147335
GameObject:
  m_ObjectHideFlags: 0
  m_CorrespondingSourceObject: {fileID: 0}
  m_PrefabInstance: {fileID: 0}
  m_PrefabAsset: {fileID: 0}
  serializedVersion: 6
  m_Component:
  - component: {fileID: 352147336}
  - component: {fileID: 352147339}
  - component: {fileID: 352147338}
  - component: {fileID: 352147337}
  m_Layer: 0
  m_Name: obstacle (1)
  m_TagString: Untagged
  m_Icon: {fileID: 0}
  m_NavMeshLayer: 0
  m_StaticEditorFlags: 0
  m_IsActive: 1
--- !u!4 &352147336
Transform:
  m_ObjectHideFlags: 0
  m_CorrespondingSourceObject: {fileID: 0}
  m_PrefabInstance: {fileID: 0}
  m_PrefabAsset: {fileID: 0}
  m_GameObject: {fileID: 352147335}
  m_LocalRotation: {x: -0, y: -0, z: -0, w: 1}
  m_LocalPosition: {x: -9.62, y: -2.08, z: 0}
  m_LocalScale: {x: 0.9125, y: 1, z: 1}
  m_Children: []
  m_Father: {fileID: 1722651817}
  m_RootOrder: 0
  m_LocalEulerAnglesHint: {x: 0, y: 0, z: 0}
--- !u!114 &352147337
MonoBehaviour:
  m_ObjectHideFlags: 0
  m_CorrespondingSourceObject: {fileID: 0}
  m_PrefabInstance: {fileID: 0}
  m_PrefabAsset: {fileID: 0}
  m_GameObject: {fileID: 352147335}
  m_Enabled: 1
  m_EditorHideFlags: 0
  m_Script: {fileID: 11500000, guid: ccc6067b95c13b1458fbcaf0dde2a5e1, type: 3}
  m_Name: 
  m_EditorClassIdentifier: 
  GraphHandler: {fileID: 1909628483}
--- !u!60 &352147338
PolygonCollider2D:
  m_ObjectHideFlags: 0
  m_CorrespondingSourceObject: {fileID: 0}
  m_PrefabInstance: {fileID: 0}
  m_PrefabAsset: {fileID: 0}
  m_GameObject: {fileID: 352147335}
  m_Enabled: 1
  m_Density: 1
  m_Material: {fileID: 0}
  m_IsTrigger: 0
  m_UsedByEffector: 0
  m_UsedByComposite: 0
  m_Offset: {x: 0, y: 0}
  m_SpriteTilingProperty:
    border: {x: 0, y: 0, z: 0, w: 0}
    pivot: {x: 0.5, y: 0.5}
    oldSize: {x: 5.12, y: 5.12}
    newSize: {x: 5.12, y: 5.12}
    adaptiveTilingThreshold: 0.5
    drawMode: 0
    adaptiveTiling: 0
  m_AutoTiling: 0
  m_Points:
    m_Paths:
    - - {x: 0.91999996, y: -1.03}
      - {x: 1.1999999, y: -1.03}
      - {x: 1.49, y: -1.02}
      - {x: 1.54, y: -1.01}
      - {x: 1.9, y: -0.90999997}
      - {x: 2.03, y: -0.87}
      - {x: 2.21, y: -0.71}
      - {x: 2.23, y: -0.62}
      - {x: 2.24, y: -0.48}
      - {x: 2.3899999, y: 0.48}
      - {x: 2.3999999, y: 1.03}
      - {x: 2.4099998, y: 1.04}
      - {x: 2.45, y: 1.39}
      - {x: 2.45, y: 1.51}
      - {x: 2.4299998, y: 1.5799999}
      - {x: 2.3899999, y: 1.5999999}
      - {x: 2.1299999, y: 1.3199999}
      - {x: 2.03, y: 1.0699999}
      - {x: 2.07, y: 0.97999996}
      - {x: 2, y: 0.96}
      - {x: 1.9699999, y: 0.94}
      - {x: 1.8499999, y: 0.65}
      - {x: 1.6899999, y: 0.26999998}
      - {x: 1.64, y: 0.16}
      - {x: 1.5799999, y: 0.19}
      - {x: 1.5799999, y: 0.51}
      - {x: 1.5699999, y: 0.76}
      - {x: 1.52, y: 0.81}
      - {x: 1.49, y: 0.82}
      - {x: 1.4399999, y: 0.72999996}
      - {x: 1.37, y: 0.51}
      - {x: 1.28, y: 0.29999998}
      - {x: 1.1999999, y: 0.34}
      - {x: 1.17, y: 0.42999998}
      - {x: 1.1899999, y: 0.51}
      - {x: 1.28, y: 0.89}
      - {x: 1.38, y: 1.25}
      - {x: 1.43, y: 1.4499999}
      - {x: 1.4, y: 1.4599999}
      - {x: 1.3399999, y: 1.4}
      - {x: 1.11, y: 1.06}
      - {x: 1.05, y: 0.90999997}
      - {x: 1.02, y: 0.78999996}
      - {x: 1, y: 0.85999995}
      - {x: 0.96999997, y: 0.90999997}
      - {x: 0.93, y: 0.91999996}
      - {x: 0.84, y: 0.83}
      - {x: 0.76, y: 0.84999996}
      - {x: 0.74, y: 0.91999996}
      - {x: 0.68, y: 0.96999997}
      - {x: 0.62, y: 0.85999995}
      - {x: 0.56, y: 0.66999996}
      - {x: 0.51, y: 0.53999996}
      - {x: 0.48999998, y: 0.59999996}
      - {x: 0.48, y: 0.61}
      - {x: 0.48, y: 1.0799999}
      - {x: 0.41, y: 1.14}
      - {x: 0.47, y: 1.28}
      - {x: 0.45999998, y: 1.3299999}
      - {x: 0.44, y: 1.64}
      - {x: 0.42, y: 1.65}
      - {x: 0.39, y: 1.64}
      - {x: 0.32, y: 1.42}
      - {x: 0.21, y: 0.97999996}
      - {x: 0.16, y: 0.79999995}
      - {x: 0.14, y: 0.71}
      - {x: 0.12, y: 0.79999995}
      - {x: 0.04, y: 1.0699999}
      - {x: 0.01, y: 1.14}
      - {x: -0.08, y: 1.26}
      - {x: -0.12, y: 1.31}
      - {x: -0.17999999, y: 1.43}
      - {x: -0.22999999, y: 1.55}
      - {x: -0.24, y: 1.63}
      - {x: -0.29, y: 1.65}
      - {x: -0.31, y: 1.62}
      - {x: -0.42999998, y: 1.18}
      - {x: -0.5, y: 0.93}
      - {x: -0.71999997, y: 0.16}
      - {x: -0.79999995, y: 0.19999999}
      - {x: -0.88, y: 0.35999998}
      - {x: -1, y: 0.57}
      - {x: -1.05, y: 0.64}
      - {x: -1.09, y: 0.65}
      - {x: -1.1899999, y: 0.53999996}
      - {x: -1.26, y: 0.53}
      - {x: -1.3199999, y: 0.45}
      - {x: -1.3299999, y: 0.41}
      - {x: -1.41, y: 0.56}
      - {x: -1.66, y: 1.01}
      - {x: -1.6999999, y: 1.05}
      - {x: -1.7199999, y: 1.05}
      - {x: -1.73, y: 1.02}
      - {x: -1.7099999, y: 0.65}
      - {x: -1.62, y: 0.26}
      - {x: -1.5899999, y: 0.06}
      - {x: -1.63, y: -0.01}
      - {x: -1.65, y: 0.089999996}
      - {x: -1.74, y: 0.38}
      - {x: -1.8199999, y: 0.53999996}
      - {x: -1.99, y: 0.91999996}
      - {x: -2.02, y: 0.94}
      - {x: -2.07, y: 0.96999997}
      - {x: -2.1, y: 0.94}
      - {x: -2.26, y: 0.03}
      - {x: -2.33, y: -0.32999998}
      - {x: -2.3999999, y: -0.82}
      - {x: -2.3999999, y: -0.84999996}
      - {x: -2.35, y: -0.87}
      - {x: -2.23, y: -0.88}
      - {x: -1.75, y: -0.94}
      - {x: -1.63, y: -0.95}
      - {x: -1.36, y: -0.96}
      - {x: -1.03, y: -0.97999996}
      - {x: -1.04, y: -1.02}
      - {x: -1.01, y: -1.04}
      - {x: -0.98999995, y: -1.02}
      - {x: -0.82, y: -1.03}
      - {x: -0.53999996, y: -1.03}
      - {x: -0.51, y: -1.06}
      - {x: -0.48999998, y: -1.06}
      - {x: -0.47, y: -1.04}
      - {x: -0.19999999, y: -1.05}
      - {x: 0.11, y: -1.06}
      - {x: 0.26999998, y: -1.12}
      - {x: 0.41, y: -1.12}
      - {x: 0.64, y: -1.11}
      - {x: 0.82, y: -1.1}
      - {x: 0.84999996, y: -1.09}
--- !u!212 &352147339
SpriteRenderer:
  m_ObjectHideFlags: 0
  m_CorrespondingSourceObject: {fileID: 0}
  m_PrefabInstance: {fileID: 0}
  m_PrefabAsset: {fileID: 0}
  m_GameObject: {fileID: 352147335}
  m_Enabled: 1
  m_CastShadows: 0
  m_ReceiveShadows: 0
  m_DynamicOccludee: 1
  m_MotionVectors: 1
  m_LightProbeUsage: 1
  m_ReflectionProbeUsage: 1
  m_RenderingLayerMask: 1
  m_RendererPriority: 0
  m_Materials:
  - {fileID: 10754, guid: 0000000000000000f000000000000000, type: 0}
  m_StaticBatchInfo:
    firstSubMesh: 0
    subMeshCount: 0
  m_StaticBatchRoot: {fileID: 0}
  m_ProbeAnchor: {fileID: 0}
  m_LightProbeVolumeOverride: {fileID: 0}
  m_ScaleInLightmap: 1
  m_ReceiveGI: 1
  m_PreserveUVs: 0
  m_IgnoreNormalsForChartDetection: 0
  m_ImportantGI: 0
  m_StitchLightmapSeams: 1
  m_SelectedEditorRenderState: 0
  m_MinimumChartSize: 4
  m_AutoUVMaxDistance: 0.5
  m_AutoUVMaxAngle: 89
  m_LightmapParameters: {fileID: 0}
  m_SortingLayerID: 1866638105
  m_SortingLayer: -1
  m_SortingOrder: 3
  m_Sprite: {fileID: 21300000, guid: f81b3e2955db6a247a0fee82fd7a0b4f, type: 3}
  m_Color: {r: 1, g: 1, b: 1, a: 1}
  m_FlipX: 0
  m_FlipY: 0
  m_DrawMode: 0
  m_Size: {x: 5.12, y: 5.12}
  m_AdaptiveModeThreshold: 0.5
  m_SpriteTileMode: 0
  m_WasSpriteAssigned: 1
  m_MaskInteraction: 0
  m_SpriteSortPoint: 0
--- !u!4 &392200098 stripped
Transform:
  m_CorrespondingSourceObject: {fileID: 4240488498733792693, guid: 6732ce8ac7626fa4a9cb4e41594f3f83,
    type: 3}
  m_PrefabInstance: {fileID: 1780168860}
  m_PrefabAsset: {fileID: 0}
--- !u!1001 &486253368
PrefabInstance:
  m_ObjectHideFlags: 0
  serializedVersion: 2
  m_Modification:
    m_TransformParent: {fileID: 0}
    m_Modifications:
    - target: {fileID: 894725827924895935, guid: 6732ce8ac7626fa4a9cb4e41594f3f83,
        type: 3}
      propertyPath: m_Name
      value: Island1
      objectReference: {fileID: 0}
    - target: {fileID: 4240488498733792693, guid: 6732ce8ac7626fa4a9cb4e41594f3f83,
        type: 3}
      propertyPath: m_LocalPosition.x
      value: 9.249982
      objectReference: {fileID: 0}
    - target: {fileID: 4240488498733792693, guid: 6732ce8ac7626fa4a9cb4e41594f3f83,
        type: 3}
      propertyPath: m_LocalPosition.y
      value: 12.038114
      objectReference: {fileID: 0}
    - target: {fileID: 4240488498733792693, guid: 6732ce8ac7626fa4a9cb4e41594f3f83,
        type: 3}
      propertyPath: m_LocalPosition.z
      value: 0
      objectReference: {fileID: 0}
    - target: {fileID: 4240488498733792693, guid: 6732ce8ac7626fa4a9cb4e41594f3f83,
        type: 3}
      propertyPath: m_LocalRotation.x
      value: -0
      objectReference: {fileID: 0}
    - target: {fileID: 4240488498733792693, guid: 6732ce8ac7626fa4a9cb4e41594f3f83,
        type: 3}
      propertyPath: m_LocalRotation.y
      value: -0
      objectReference: {fileID: 0}
    - target: {fileID: 4240488498733792693, guid: 6732ce8ac7626fa4a9cb4e41594f3f83,
        type: 3}
      propertyPath: m_LocalRotation.z
      value: -0
      objectReference: {fileID: 0}
    - target: {fileID: 4240488498733792693, guid: 6732ce8ac7626fa4a9cb4e41594f3f83,
        type: 3}
      propertyPath: m_LocalRotation.w
      value: 1
      objectReference: {fileID: 0}
    - target: {fileID: 4240488498733792693, guid: 6732ce8ac7626fa4a9cb4e41594f3f83,
        type: 3}
      propertyPath: m_RootOrder
      value: 6
      objectReference: {fileID: 0}
    - target: {fileID: 4240488498733792693, guid: 6732ce8ac7626fa4a9cb4e41594f3f83,
        type: 3}
      propertyPath: m_LocalEulerAnglesHint.x
      value: 0
      objectReference: {fileID: 0}
    - target: {fileID: 4240488498733792693, guid: 6732ce8ac7626fa4a9cb4e41594f3f83,
        type: 3}
      propertyPath: m_LocalEulerAnglesHint.y
      value: 0
      objectReference: {fileID: 0}
    - target: {fileID: 4240488498733792693, guid: 6732ce8ac7626fa4a9cb4e41594f3f83,
        type: 3}
      propertyPath: m_LocalEulerAnglesHint.z
      value: 0
      objectReference: {fileID: 0}
    - target: {fileID: 8624854831808195530, guid: 6732ce8ac7626fa4a9cb4e41594f3f83,
        type: 3}
      propertyPath: isAlive
      value: 1
      objectReference: {fileID: 0}
    m_RemovedComponents: []
  m_SourcePrefab: {fileID: 100100000, guid: 6732ce8ac7626fa4a9cb4e41594f3f83, type: 3}
--- !u!4 &636087819 stripped
Transform:
  m_CorrespondingSourceObject: {fileID: 2431887512986911591, guid: 3042a0432861c52429bd1dcdde81bb27,
    type: 3}
  m_PrefabInstance: {fileID: 244167518}
  m_PrefabAsset: {fileID: 0}
--- !u!1001 &725026651
PrefabInstance:
  m_ObjectHideFlags: 0
  serializedVersion: 2
  m_Modification:
    m_TransformParent: {fileID: 1626526516}
    m_Modifications:
    - target: {fileID: 197307970436141480, guid: 41fdf2d1ae8ed484e980cda72a084914,
        type: 3}
      propertyPath: m_Name
      value: Part 6
      objectReference: {fileID: 0}
    - target: {fileID: 5212505249948853632, guid: 41fdf2d1ae8ed484e980cda72a084914,
        type: 3}
      propertyPath: m_LocalPosition.x
      value: 7.1
      objectReference: {fileID: 0}
    - target: {fileID: 5212505249948853632, guid: 41fdf2d1ae8ed484e980cda72a084914,
        type: 3}
      propertyPath: m_LocalPosition.y
      value: -0.7
      objectReference: {fileID: 0}
    - target: {fileID: 5212505249948853632, guid: 41fdf2d1ae8ed484e980cda72a084914,
        type: 3}
      propertyPath: m_LocalPosition.z
      value: 0
      objectReference: {fileID: 0}
    - target: {fileID: 5212505249948853632, guid: 41fdf2d1ae8ed484e980cda72a084914,
        type: 3}
      propertyPath: m_LocalRotation.x
      value: -0
      objectReference: {fileID: 0}
    - target: {fileID: 5212505249948853632, guid: 41fdf2d1ae8ed484e980cda72a084914,
        type: 3}
      propertyPath: m_LocalRotation.y
      value: -0
      objectReference: {fileID: 0}
    - target: {fileID: 5212505249948853632, guid: 41fdf2d1ae8ed484e980cda72a084914,
        type: 3}
      propertyPath: m_LocalRotation.z
      value: -0
      objectReference: {fileID: 0}
    - target: {fileID: 5212505249948853632, guid: 41fdf2d1ae8ed484e980cda72a084914,
        type: 3}
      propertyPath: m_LocalRotation.w
      value: 1
      objectReference: {fileID: 0}
    - target: {fileID: 5212505249948853632, guid: 41fdf2d1ae8ed484e980cda72a084914,
        type: 3}
      propertyPath: m_RootOrder
      value: 0
      objectReference: {fileID: 0}
    - target: {fileID: 5212505249948853632, guid: 41fdf2d1ae8ed484e980cda72a084914,
        type: 3}
      propertyPath: m_LocalEulerAnglesHint.x
      value: 0
      objectReference: {fileID: 0}
    - target: {fileID: 5212505249948853632, guid: 41fdf2d1ae8ed484e980cda72a084914,
        type: 3}
      propertyPath: m_LocalEulerAnglesHint.y
      value: 0
      objectReference: {fileID: 0}
    - target: {fileID: 5212505249948853632, guid: 41fdf2d1ae8ed484e980cda72a084914,
        type: 3}
      propertyPath: m_LocalEulerAnglesHint.z
      value: 0
      objectReference: {fileID: 0}
    - target: {fileID: 36753645116943575, guid: 41fdf2d1ae8ed484e980cda72a084914,
        type: 3}
      propertyPath: m_FlipX
      value: 1
      objectReference: {fileID: 0}
    m_RemovedComponents: []
  m_SourcePrefab: {fileID: 100100000, guid: 41fdf2d1ae8ed484e980cda72a084914, type: 3}
--- !u!1 &781289088
GameObject:
  m_ObjectHideFlags: 0
  m_CorrespondingSourceObject: {fileID: 0}
  m_PrefabInstance: {fileID: 0}
  m_PrefabAsset: {fileID: 0}
  serializedVersion: 6
  m_Component:
  - component: {fileID: 781289089}
  m_Layer: 0
  m_Name: SeedIsland2
  m_TagString: Untagged
  m_Icon: {fileID: 0}
  m_NavMeshLayer: 0
  m_StaticEditorFlags: 0
  m_IsActive: 1
--- !u!4 &781289089
Transform:
  m_ObjectHideFlags: 0
  m_CorrespondingSourceObject: {fileID: 0}
  m_PrefabInstance: {fileID: 0}
  m_PrefabAsset: {fileID: 0}
  m_GameObject: {fileID: 781289088}
  m_LocalRotation: {x: 0, y: 0, z: 0, w: 1}
  m_LocalPosition: {x: 43.6, y: 1.5, z: -78.21484}
  m_LocalScale: {x: 1, y: 1, z: 1}
  m_Children:
  - {fileID: 1894266070}
  - {fileID: 1356626865}
  - {fileID: 636087819}
  m_Father: {fileID: 0}
  m_RootOrder: 9
  m_LocalEulerAnglesHint: {x: 0, y: 0, z: 0}
--- !u!1 &838707400
GameObject:
  m_ObjectHideFlags: 0
  m_CorrespondingSourceObject: {fileID: 0}
  m_PrefabInstance: {fileID: 0}
  m_PrefabAsset: {fileID: 0}
  serializedVersion: 6
  m_Component:
  - component: {fileID: 838707401}
  m_Layer: 0
  m_Name: SeedIsland1
  m_TagString: Untagged
  m_Icon: {fileID: 0}
  m_NavMeshLayer: 0
  m_StaticEditorFlags: 0
  m_IsActive: 1
--- !u!4 &838707401
Transform:
  m_ObjectHideFlags: 0
  m_CorrespondingSourceObject: {fileID: 0}
  m_PrefabInstance: {fileID: 0}
  m_PrefabAsset: {fileID: 0}
  m_GameObject: {fileID: 838707400}
  m_LocalRotation: {x: 0, y: 0, z: 0, w: 1}
  m_LocalPosition: {x: 10.9, y: 30.4, z: -75.37891}
  m_LocalScale: {x: 1, y: 1, z: 1}
  m_Children:
  - {fileID: 1984030991}
  - {fileID: 1803856466}
  - {fileID: 48946994}
  - {fileID: 1600646551}
  - {fileID: 12878623}
  m_Father: {fileID: 0}
  m_RootOrder: 8
  m_LocalEulerAnglesHint: {x: 0, y: 0, z: 0}
--- !u!1001 &909155044
PrefabInstance:
  m_ObjectHideFlags: 0
  serializedVersion: 2
  m_Modification:
    m_TransformParent: {fileID: 838707401}
    m_Modifications:
    - target: {fileID: 347624670521302470, guid: 3042a0432861c52429bd1dcdde81bb27,
        type: 3}
      propertyPath: m_Name
      value: Normal seed (1)
      objectReference: {fileID: 0}
    - target: {fileID: 2431887512986911591, guid: 3042a0432861c52429bd1dcdde81bb27,
        type: 3}
      propertyPath: m_LocalPosition.x
      value: -1.4
      objectReference: {fileID: 0}
    - target: {fileID: 2431887512986911591, guid: 3042a0432861c52429bd1dcdde81bb27,
        type: 3}
      propertyPath: m_LocalPosition.y
      value: -16.4
      objectReference: {fileID: 0}
    - target: {fileID: 2431887512986911591, guid: 3042a0432861c52429bd1dcdde81bb27,
        type: 3}
      propertyPath: m_LocalPosition.z
      value: 75.37891
      objectReference: {fileID: 0}
    - target: {fileID: 2431887512986911591, guid: 3042a0432861c52429bd1dcdde81bb27,
        type: 3}
      propertyPath: m_LocalRotation.x
      value: -0
      objectReference: {fileID: 0}
    - target: {fileID: 2431887512986911591, guid: 3042a0432861c52429bd1dcdde81bb27,
        type: 3}
      propertyPath: m_LocalRotation.y
      value: -0
      objectReference: {fileID: 0}
    - target: {fileID: 2431887512986911591, guid: 3042a0432861c52429bd1dcdde81bb27,
        type: 3}
      propertyPath: m_LocalRotation.z
      value: -0
      objectReference: {fileID: 0}
    - target: {fileID: 2431887512986911591, guid: 3042a0432861c52429bd1dcdde81bb27,
        type: 3}
      propertyPath: m_LocalRotation.w
      value: 1
      objectReference: {fileID: 0}
    - target: {fileID: 2431887512986911591, guid: 3042a0432861c52429bd1dcdde81bb27,
        type: 3}
      propertyPath: m_RootOrder
      value: 1
      objectReference: {fileID: 0}
    - target: {fileID: 2431887512986911591, guid: 3042a0432861c52429bd1dcdde81bb27,
        type: 3}
      propertyPath: m_LocalEulerAnglesHint.x
      value: 0
      objectReference: {fileID: 0}
    - target: {fileID: 2431887512986911591, guid: 3042a0432861c52429bd1dcdde81bb27,
        type: 3}
      propertyPath: m_LocalEulerAnglesHint.y
      value: 0
      objectReference: {fileID: 0}
    - target: {fileID: 2431887512986911591, guid: 3042a0432861c52429bd1dcdde81bb27,
        type: 3}
      propertyPath: m_LocalEulerAnglesHint.z
      value: 0
      objectReference: {fileID: 0}
    m_RemovedComponents: []
  m_SourcePrefab: {fileID: 100100000, guid: 3042a0432861c52429bd1dcdde81bb27, type: 3}
--- !u!1001 &915216033
PrefabInstance:
  m_ObjectHideFlags: 0
  serializedVersion: 2
  m_Modification:
    m_TransformParent: {fileID: 781289089}
    m_Modifications:
    - target: {fileID: 347624670521302470, guid: 3042a0432861c52429bd1dcdde81bb27,
        type: 3}
      propertyPath: m_Name
      value: Normal seed (4)
      objectReference: {fileID: 0}
    - target: {fileID: 2431887512986911591, guid: 3042a0432861c52429bd1dcdde81bb27,
        type: 3}
      propertyPath: m_LocalPosition.x
      value: 13.139999
      objectReference: {fileID: 0}
    - target: {fileID: 2431887512986911591, guid: 3042a0432861c52429bd1dcdde81bb27,
        type: 3}
      propertyPath: m_LocalPosition.y
      value: 10.012968
      objectReference: {fileID: 0}
    - target: {fileID: 2431887512986911591, guid: 3042a0432861c52429bd1dcdde81bb27,
        type: 3}
      propertyPath: m_LocalPosition.z
      value: 78.21484
      objectReference: {fileID: 0}
    - target: {fileID: 2431887512986911591, guid: 3042a0432861c52429bd1dcdde81bb27,
        type: 3}
      propertyPath: m_LocalRotation.x
      value: -0
      objectReference: {fileID: 0}
    - target: {fileID: 2431887512986911591, guid: 3042a0432861c52429bd1dcdde81bb27,
        type: 3}
      propertyPath: m_LocalRotation.y
      value: -0
      objectReference: {fileID: 0}
    - target: {fileID: 2431887512986911591, guid: 3042a0432861c52429bd1dcdde81bb27,
        type: 3}
      propertyPath: m_LocalRotation.z
      value: -0
      objectReference: {fileID: 0}
    - target: {fileID: 2431887512986911591, guid: 3042a0432861c52429bd1dcdde81bb27,
        type: 3}
      propertyPath: m_LocalRotation.w
      value: 1
      objectReference: {fileID: 0}
    - target: {fileID: 2431887512986911591, guid: 3042a0432861c52429bd1dcdde81bb27,
        type: 3}
      propertyPath: m_RootOrder
      value: 2
      objectReference: {fileID: 0}
    - target: {fileID: 2431887512986911591, guid: 3042a0432861c52429bd1dcdde81bb27,
        type: 3}
      propertyPath: m_LocalEulerAnglesHint.x
      value: 0
      objectReference: {fileID: 0}
    - target: {fileID: 2431887512986911591, guid: 3042a0432861c52429bd1dcdde81bb27,
        type: 3}
      propertyPath: m_LocalEulerAnglesHint.y
      value: 0
      objectReference: {fileID: 0}
    - target: {fileID: 2431887512986911591, guid: 3042a0432861c52429bd1dcdde81bb27,
        type: 3}
      propertyPath: m_LocalEulerAnglesHint.z
      value: 0
      objectReference: {fileID: 0}
    m_RemovedComponents: []
  m_SourcePrefab: {fileID: 100100000, guid: 3042a0432861c52429bd1dcdde81bb27, type: 3}
--- !u!1 &952331777 stripped
GameObject:
  m_CorrespondingSourceObject: {fileID: 8190324080455664614, guid: 7a5685bfe8576d542acda6cfef1468be,
    type: 3}
  m_PrefabInstance: {fileID: 7647347952976402388}
  m_PrefabAsset: {fileID: 0}
--- !u!1001 &1149005332
PrefabInstance:
  m_ObjectHideFlags: 0
  serializedVersion: 2
  m_Modification:
    m_TransformParent: {fileID: 838707401}
    m_Modifications:
    - target: {fileID: 347624670521302470, guid: 3042a0432861c52429bd1dcdde81bb27,
        type: 3}
      propertyPath: m_Name
      value: Normal seed (3)
      objectReference: {fileID: 0}
    - target: {fileID: 2431887512986911591, guid: 3042a0432861c52429bd1dcdde81bb27,
        type: 3}
      propertyPath: m_LocalPosition.x
      value: -0.20461082
      objectReference: {fileID: 0}
    - target: {fileID: 2431887512986911591, guid: 3042a0432861c52429bd1dcdde81bb27,
        type: 3}
      propertyPath: m_LocalPosition.y
      value: -16.389423
      objectReference: {fileID: 0}
    - target: {fileID: 2431887512986911591, guid: 3042a0432861c52429bd1dcdde81bb27,
        type: 3}
      propertyPath: m_LocalPosition.z
      value: 75.37891
      objectReference: {fileID: 0}
    - target: {fileID: 2431887512986911591, guid: 3042a0432861c52429bd1dcdde81bb27,
        type: 3}
      propertyPath: m_LocalRotation.x
      value: -0
      objectReference: {fileID: 0}
    - target: {fileID: 2431887512986911591, guid: 3042a0432861c52429bd1dcdde81bb27,
        type: 3}
      propertyPath: m_LocalRotation.y
      value: -0
      objectReference: {fileID: 0}
    - target: {fileID: 2431887512986911591, guid: 3042a0432861c52429bd1dcdde81bb27,
        type: 3}
      propertyPath: m_LocalRotation.z
      value: -0
      objectReference: {fileID: 0}
    - target: {fileID: 2431887512986911591, guid: 3042a0432861c52429bd1dcdde81bb27,
        type: 3}
      propertyPath: m_LocalRotation.w
      value: 1
      objectReference: {fileID: 0}
    - target: {fileID: 2431887512986911591, guid: 3042a0432861c52429bd1dcdde81bb27,
        type: 3}
      propertyPath: m_RootOrder
      value: 4
      objectReference: {fileID: 0}
    - target: {fileID: 2431887512986911591, guid: 3042a0432861c52429bd1dcdde81bb27,
        type: 3}
      propertyPath: m_LocalEulerAnglesHint.x
      value: 0
      objectReference: {fileID: 0}
    - target: {fileID: 2431887512986911591, guid: 3042a0432861c52429bd1dcdde81bb27,
        type: 3}
      propertyPath: m_LocalEulerAnglesHint.y
      value: 0
      objectReference: {fileID: 0}
    - target: {fileID: 2431887512986911591, guid: 3042a0432861c52429bd1dcdde81bb27,
        type: 3}
      propertyPath: m_LocalEulerAnglesHint.z
      value: 0
      objectReference: {fileID: 0}
    m_RemovedComponents: []
  m_SourcePrefab: {fileID: 100100000, guid: 3042a0432861c52429bd1dcdde81bb27, type: 3}
--- !u!1001 &1187315693
PrefabInstance:
  m_ObjectHideFlags: 0
  serializedVersion: 2
  m_Modification:
    m_TransformParent: {fileID: 781289089}
    m_Modifications:
    - target: {fileID: 347624670521302470, guid: 3042a0432861c52429bd1dcdde81bb27,
        type: 3}
      propertyPath: m_Name
      value: Normal seed (7)
      objectReference: {fileID: 0}
    - target: {fileID: 2431887512986911591, guid: 3042a0432861c52429bd1dcdde81bb27,
        type: 3}
      propertyPath: m_LocalPosition.x
      value: 13.7699995
      objectReference: {fileID: 0}
    - target: {fileID: 2431887512986911591, guid: 3042a0432861c52429bd1dcdde81bb27,
        type: 3}
      propertyPath: m_LocalPosition.y
      value: 9.382969
      objectReference: {fileID: 0}
    - target: {fileID: 2431887512986911591, guid: 3042a0432861c52429bd1dcdde81bb27,
        type: 3}
      propertyPath: m_LocalPosition.z
      value: 78.21484
      objectReference: {fileID: 0}
    - target: {fileID: 2431887512986911591, guid: 3042a0432861c52429bd1dcdde81bb27,
        type: 3}
      propertyPath: m_LocalRotation.x
      value: -0
      objectReference: {fileID: 0}
    - target: {fileID: 2431887512986911591, guid: 3042a0432861c52429bd1dcdde81bb27,
        type: 3}
      propertyPath: m_LocalRotation.y
      value: -0
      objectReference: {fileID: 0}
    - target: {fileID: 2431887512986911591, guid: 3042a0432861c52429bd1dcdde81bb27,
        type: 3}
      propertyPath: m_LocalRotation.z
      value: -0
      objectReference: {fileID: 0}
    - target: {fileID: 2431887512986911591, guid: 3042a0432861c52429bd1dcdde81bb27,
        type: 3}
      propertyPath: m_LocalRotation.w
      value: 1
      objectReference: {fileID: 0}
    - target: {fileID: 2431887512986911591, guid: 3042a0432861c52429bd1dcdde81bb27,
        type: 3}
      propertyPath: m_RootOrder
      value: 4
      objectReference: {fileID: 0}
    - target: {fileID: 2431887512986911591, guid: 3042a0432861c52429bd1dcdde81bb27,
        type: 3}
      propertyPath: m_LocalEulerAnglesHint.x
      value: 0
      objectReference: {fileID: 0}
    - target: {fileID: 2431887512986911591, guid: 3042a0432861c52429bd1dcdde81bb27,
        type: 3}
      propertyPath: m_LocalEulerAnglesHint.y
      value: 0
      objectReference: {fileID: 0}
    - target: {fileID: 2431887512986911591, guid: 3042a0432861c52429bd1dcdde81bb27,
        type: 3}
      propertyPath: m_LocalEulerAnglesHint.z
      value: 0
      objectReference: {fileID: 0}
    m_RemovedComponents: []
  m_SourcePrefab: {fileID: 100100000, guid: 3042a0432861c52429bd1dcdde81bb27, type: 3}
--- !u!1001 &1191255809
PrefabInstance:
  m_ObjectHideFlags: 0
  serializedVersion: 2
  m_Modification:
    m_TransformParent: {fileID: 0}
    m_Modifications:
    - target: {fileID: 8115022910304009918, guid: 513b66310f6402a41b6c0be95a3b9177,
        type: 3}
      propertyPath: m_Name
      value: Background
      objectReference: {fileID: 0}
    - target: {fileID: 8115022910304009905, guid: 513b66310f6402a41b6c0be95a3b9177,
        type: 3}
      propertyPath: m_LocalPosition.x
      value: 0
      objectReference: {fileID: 0}
    - target: {fileID: 8115022910304009905, guid: 513b66310f6402a41b6c0be95a3b9177,
        type: 3}
      propertyPath: m_LocalPosition.y
      value: 0
      objectReference: {fileID: 0}
    - target: {fileID: 8115022910304009905, guid: 513b66310f6402a41b6c0be95a3b9177,
        type: 3}
      propertyPath: m_LocalPosition.z
      value: 0
      objectReference: {fileID: 0}
    - target: {fileID: 8115022910304009905, guid: 513b66310f6402a41b6c0be95a3b9177,
        type: 3}
      propertyPath: m_LocalRotation.x
      value: 0
      objectReference: {fileID: 0}
    - target: {fileID: 8115022910304009905, guid: 513b66310f6402a41b6c0be95a3b9177,
        type: 3}
      propertyPath: m_LocalRotation.y
      value: 0
      objectReference: {fileID: 0}
    - target: {fileID: 8115022910304009905, guid: 513b66310f6402a41b6c0be95a3b9177,
        type: 3}
      propertyPath: m_LocalRotation.z
      value: 0
      objectReference: {fileID: 0}
    - target: {fileID: 8115022910304009905, guid: 513b66310f6402a41b6c0be95a3b9177,
        type: 3}
      propertyPath: m_LocalRotation.w
      value: 1
      objectReference: {fileID: 0}
    - target: {fileID: 8115022910304009905, guid: 513b66310f6402a41b6c0be95a3b9177,
        type: 3}
      propertyPath: m_RootOrder
      value: 5
      objectReference: {fileID: 0}
    - target: {fileID: 8115022910304009905, guid: 513b66310f6402a41b6c0be95a3b9177,
        type: 3}
      propertyPath: m_LocalEulerAnglesHint.x
      value: 0
      objectReference: {fileID: 0}
    - target: {fileID: 8115022910304009905, guid: 513b66310f6402a41b6c0be95a3b9177,
        type: 3}
      propertyPath: m_LocalEulerAnglesHint.y
      value: 0
      objectReference: {fileID: 0}
    - target: {fileID: 8115022910304009905, guid: 513b66310f6402a41b6c0be95a3b9177,
        type: 3}
      propertyPath: m_LocalEulerAnglesHint.z
      value: 0
      objectReference: {fileID: 0}
    m_RemovedComponents: []
  m_SourcePrefab: {fileID: 100100000, guid: 513b66310f6402a41b6c0be95a3b9177, type: 3}
--- !u!1001 &1302561664
PrefabInstance:
  m_ObjectHideFlags: 0
  serializedVersion: 2
  m_Modification:
    m_TransformParent: {fileID: 838707401}
    m_Modifications:
    - target: {fileID: 347624670521302470, guid: 3042a0432861c52429bd1dcdde81bb27,
        type: 3}
      propertyPath: m_Name
      value: Normal seed
      objectReference: {fileID: 0}
    - target: {fileID: 2431887512986911591, guid: 3042a0432861c52429bd1dcdde81bb27,
        type: 3}
      propertyPath: m_LocalPosition.x
      value: -2.3900003
      objectReference: {fileID: 0}
    - target: {fileID: 2431887512986911591, guid: 3042a0432861c52429bd1dcdde81bb27,
        type: 3}
      propertyPath: m_LocalPosition.y
      value: -16.4
      objectReference: {fileID: 0}
    - target: {fileID: 2431887512986911591, guid: 3042a0432861c52429bd1dcdde81bb27,
        type: 3}
      propertyPath: m_LocalPosition.z
      value: 75.37891
      objectReference: {fileID: 0}
    - target: {fileID: 2431887512986911591, guid: 3042a0432861c52429bd1dcdde81bb27,
        type: 3}
      propertyPath: m_LocalRotation.x
      value: -0
      objectReference: {fileID: 0}
    - target: {fileID: 2431887512986911591, guid: 3042a0432861c52429bd1dcdde81bb27,
        type: 3}
      propertyPath: m_LocalRotation.y
      value: -0
      objectReference: {fileID: 0}
    - target: {fileID: 2431887512986911591, guid: 3042a0432861c52429bd1dcdde81bb27,
        type: 3}
      propertyPath: m_LocalRotation.z
      value: -0
      objectReference: {fileID: 0}
    - target: {fileID: 2431887512986911591, guid: 3042a0432861c52429bd1dcdde81bb27,
        type: 3}
      propertyPath: m_LocalRotation.w
      value: 1
      objectReference: {fileID: 0}
    - target: {fileID: 2431887512986911591, guid: 3042a0432861c52429bd1dcdde81bb27,
        type: 3}
      propertyPath: m_RootOrder
      value: 0
      objectReference: {fileID: 0}
    - target: {fileID: 2431887512986911591, guid: 3042a0432861c52429bd1dcdde81bb27,
        type: 3}
      propertyPath: m_LocalEulerAnglesHint.x
      value: 0
      objectReference: {fileID: 0}
    - target: {fileID: 2431887512986911591, guid: 3042a0432861c52429bd1dcdde81bb27,
        type: 3}
      propertyPath: m_LocalEulerAnglesHint.y
      value: 0
      objectReference: {fileID: 0}
    - target: {fileID: 2431887512986911591, guid: 3042a0432861c52429bd1dcdde81bb27,
        type: 3}
      propertyPath: m_LocalEulerAnglesHint.z
      value: 0
      objectReference: {fileID: 0}
    m_RemovedComponents: []
  m_SourcePrefab: {fileID: 100100000, guid: 3042a0432861c52429bd1dcdde81bb27, type: 3}
--- !u!1001 &1341163013
PrefabInstance:
  m_ObjectHideFlags: 0
  serializedVersion: 2
  m_Modification:
    m_TransformParent: {fileID: 838707401}
    m_Modifications:
    - target: {fileID: 347624670521302470, guid: 3042a0432861c52429bd1dcdde81bb27,
        type: 3}
      propertyPath: m_Name
      value: Normal seed (2)
      objectReference: {fileID: 0}
    - target: {fileID: 2431887512986911591, guid: 3042a0432861c52429bd1dcdde81bb27,
        type: 3}
      propertyPath: m_LocalPosition.x
      value: -1.8599997
      objectReference: {fileID: 0}
    - target: {fileID: 2431887512986911591, guid: 3042a0432861c52429bd1dcdde81bb27,
        type: 3}
      propertyPath: m_LocalPosition.y
      value: -15.559999
      objectReference: {fileID: 0}
    - target: {fileID: 2431887512986911591, guid: 3042a0432861c52429bd1dcdde81bb27,
        type: 3}
      propertyPath: m_LocalPosition.z
      value: 75.37891
      objectReference: {fileID: 0}
    - target: {fileID: 2431887512986911591, guid: 3042a0432861c52429bd1dcdde81bb27,
        type: 3}
      propertyPath: m_LocalRotation.x
      value: -0
      objectReference: {fileID: 0}
    - target: {fileID: 2431887512986911591, guid: 3042a0432861c52429bd1dcdde81bb27,
        type: 3}
      propertyPath: m_LocalRotation.y
      value: -0
      objectReference: {fileID: 0}
    - target: {fileID: 2431887512986911591, guid: 3042a0432861c52429bd1dcdde81bb27,
        type: 3}
      propertyPath: m_LocalRotation.z
      value: -0
      objectReference: {fileID: 0}
    - target: {fileID: 2431887512986911591, guid: 3042a0432861c52429bd1dcdde81bb27,
        type: 3}
      propertyPath: m_LocalRotation.w
      value: 1
      objectReference: {fileID: 0}
    - target: {fileID: 2431887512986911591, guid: 3042a0432861c52429bd1dcdde81bb27,
        type: 3}
      propertyPath: m_RootOrder
      value: 2
      objectReference: {fileID: 0}
    - target: {fileID: 2431887512986911591, guid: 3042a0432861c52429bd1dcdde81bb27,
        type: 3}
      propertyPath: m_LocalEulerAnglesHint.x
      value: 0
      objectReference: {fileID: 0}
    - target: {fileID: 2431887512986911591, guid: 3042a0432861c52429bd1dcdde81bb27,
        type: 3}
      propertyPath: m_LocalEulerAnglesHint.y
      value: 0
      objectReference: {fileID: 0}
    - target: {fileID: 2431887512986911591, guid: 3042a0432861c52429bd1dcdde81bb27,
        type: 3}
      propertyPath: m_LocalEulerAnglesHint.z
      value: 0
      objectReference: {fileID: 0}
    m_RemovedComponents: []
  m_SourcePrefab: {fileID: 100100000, guid: 3042a0432861c52429bd1dcdde81bb27, type: 3}
--- !u!4 &1356626865 stripped
Transform:
  m_CorrespondingSourceObject: {fileID: 2431887512986911591, guid: 3042a0432861c52429bd1dcdde81bb27,
    type: 3}
  m_PrefabInstance: {fileID: 1187315693}
  m_PrefabAsset: {fileID: 0}
--- !u!1 &1372550839
GameObject:
  m_ObjectHideFlags: 0
  m_CorrespondingSourceObject: {fileID: 0}
  m_PrefabInstance: {fileID: 0}
  m_PrefabAsset: {fileID: 0}
  serializedVersion: 6
  m_Component:
  - component: {fileID: 1372550842}
  - component: {fileID: 1372550841}
  - component: {fileID: 1372550840}
  m_Layer: 0
  m_Name: EventSystem
  m_TagString: Untagged
  m_Icon: {fileID: 0}
  m_NavMeshLayer: 0
  m_StaticEditorFlags: 0
  m_IsActive: 1
--- !u!114 &1372550840
MonoBehaviour:
  m_ObjectHideFlags: 0
  m_CorrespondingSourceObject: {fileID: 0}
  m_PrefabInstance: {fileID: 0}
  m_PrefabAsset: {fileID: 0}
  m_GameObject: {fileID: 1372550839}
  m_Enabled: 1
  m_EditorHideFlags: 0
  m_Script: {fileID: 11500000, guid: 4f231c4fb786f3946a6b90b886c48677, type: 3}
  m_Name: 
  m_EditorClassIdentifier: 
  m_HorizontalAxis: Horizontal
  m_VerticalAxis: Vertical
  m_SubmitButton: Submit
  m_CancelButton: Cancel
  m_InputActionsPerSecond: 10
  m_RepeatDelay: 0.5
  m_ForceModuleActive: 0
--- !u!114 &1372550841
MonoBehaviour:
  m_ObjectHideFlags: 0
  m_CorrespondingSourceObject: {fileID: 0}
  m_PrefabInstance: {fileID: 0}
  m_PrefabAsset: {fileID: 0}
  m_GameObject: {fileID: 1372550839}
  m_Enabled: 1
  m_EditorHideFlags: 0
  m_Script: {fileID: 11500000, guid: 76c392e42b5098c458856cdf6ecaaaa1, type: 3}
  m_Name: 
  m_EditorClassIdentifier: 
  m_FirstSelected: {fileID: 0}
  m_sendNavigationEvents: 1
  m_DragThreshold: 10
--- !u!4 &1372550842
Transform:
  m_ObjectHideFlags: 0
  m_CorrespondingSourceObject: {fileID: 0}
  m_PrefabInstance: {fileID: 0}
  m_PrefabAsset: {fileID: 0}
  m_GameObject: {fileID: 1372550839}
  m_LocalRotation: {x: 0, y: 0, z: 0, w: 1}
  m_LocalPosition: {x: 0, y: 0, z: 0}
  m_LocalScale: {x: 1, y: 1, z: 1}
  m_Children: []
  m_Father: {fileID: 0}
  m_RootOrder: 4
  m_LocalEulerAnglesHint: {x: 0, y: 0, z: 0}
--- !u!1001 &1476399517
PrefabInstance:
  m_ObjectHideFlags: 0
  serializedVersion: 2
  m_Modification:
    m_TransformParent: {fileID: 838707401}
    m_Modifications:
    - target: {fileID: 5626373792085612223, guid: 33b4c3204161162499a006743bb78cb5,
        type: 3}
      propertyPath: m_Name
      value: RootSeed
      objectReference: {fileID: 0}
    - target: {fileID: 3162032785529153803, guid: 33b4c3204161162499a006743bb78cb5,
        type: 3}
      propertyPath: m_LocalPosition.x
      value: 2.285389
      objectReference: {fileID: 0}
    - target: {fileID: 3162032785529153803, guid: 33b4c3204161162499a006743bb78cb5,
        type: 3}
      propertyPath: m_LocalPosition.y
      value: -15.239424
      objectReference: {fileID: 0}
    - target: {fileID: 3162032785529153803, guid: 33b4c3204161162499a006743bb78cb5,
        type: 3}
      propertyPath: m_LocalPosition.z
      value: 75.37891
      objectReference: {fileID: 0}
    - target: {fileID: 3162032785529153803, guid: 33b4c3204161162499a006743bb78cb5,
        type: 3}
      propertyPath: m_LocalRotation.x
      value: -0
      objectReference: {fileID: 0}
    - target: {fileID: 3162032785529153803, guid: 33b4c3204161162499a006743bb78cb5,
        type: 3}
      propertyPath: m_LocalRotation.y
      value: -0
      objectReference: {fileID: 0}
    - target: {fileID: 3162032785529153803, guid: 33b4c3204161162499a006743bb78cb5,
        type: 3}
      propertyPath: m_LocalRotation.z
      value: -0
      objectReference: {fileID: 0}
    - target: {fileID: 3162032785529153803, guid: 33b4c3204161162499a006743bb78cb5,
        type: 3}
      propertyPath: m_LocalRotation.w
      value: 1
      objectReference: {fileID: 0}
    - target: {fileID: 3162032785529153803, guid: 33b4c3204161162499a006743bb78cb5,
        type: 3}
      propertyPath: m_RootOrder
      value: 3
      objectReference: {fileID: 0}
    - target: {fileID: 3162032785529153803, guid: 33b4c3204161162499a006743bb78cb5,
        type: 3}
      propertyPath: m_LocalEulerAnglesHint.x
      value: 0
      objectReference: {fileID: 0}
    - target: {fileID: 3162032785529153803, guid: 33b4c3204161162499a006743bb78cb5,
        type: 3}
      propertyPath: m_LocalEulerAnglesHint.y
      value: 0
      objectReference: {fileID: 0}
    - target: {fileID: 3162032785529153803, guid: 33b4c3204161162499a006743bb78cb5,
        type: 3}
      propertyPath: m_LocalEulerAnglesHint.z
      value: 0
      objectReference: {fileID: 0}
    m_RemovedComponents: []
  m_SourcePrefab: {fileID: 100100000, guid: 33b4c3204161162499a006743bb78cb5, type: 3}
--- !u!4 &1600646551 stripped
Transform:
  m_CorrespondingSourceObject: {fileID: 3162032785529153803, guid: 33b4c3204161162499a006743bb78cb5,
    type: 3}
  m_PrefabInstance: {fileID: 1476399517}
  m_PrefabAsset: {fileID: 0}
--- !u!4 &1626526516 stripped
Transform:
  m_CorrespondingSourceObject: {fileID: 4240488498733792693, guid: 6732ce8ac7626fa4a9cb4e41594f3f83,
    type: 3}
  m_PrefabInstance: {fileID: 486253368}
  m_PrefabAsset: {fileID: 0}
--- !u!1 &1667135423
GameObject:
  m_ObjectHideFlags: 0
  m_CorrespondingSourceObject: {fileID: 0}
  m_PrefabInstance: {fileID: 0}
  m_PrefabAsset: {fileID: 0}
  serializedVersion: 6
  m_Component:
  - component: {fileID: 1667135424}
  - component: {fileID: 1667135425}
  - component: {fileID: 1667135426}
  m_Layer: 0
  m_Name: island_rocks_0
  m_TagString: Untagged
  m_Icon: {fileID: 0}
  m_NavMeshLayer: 0
  m_StaticEditorFlags: 0
  m_IsActive: 1
--- !u!4 &1667135424
Transform:
  m_ObjectHideFlags: 0
  m_CorrespondingSourceObject: {fileID: 0}
  m_PrefabInstance: {fileID: 0}
  m_PrefabAsset: {fileID: 0}
  m_GameObject: {fileID: 1667135423}
  m_LocalRotation: {x: -0, y: -0, z: -0, w: 1}
  m_LocalPosition: {x: -2.0999985, y: -2.0300007, z: 0}
  m_LocalScale: {x: 1, y: 1, z: 1}
  m_Children: []
  m_Father: {fileID: 1722651817}
  m_RootOrder: 1
  m_LocalEulerAnglesHint: {x: 0, y: 0, z: 0}
--- !u!212 &1667135425
SpriteRenderer:
  m_ObjectHideFlags: 0
  m_CorrespondingSourceObject: {fileID: 0}
  m_PrefabInstance: {fileID: 0}
  m_PrefabAsset: {fileID: 0}
  m_GameObject: {fileID: 1667135423}
  m_Enabled: 1
  m_CastShadows: 0
  m_ReceiveShadows: 0
  m_DynamicOccludee: 1
  m_MotionVectors: 1
  m_LightProbeUsage: 1
  m_ReflectionProbeUsage: 1
  m_RenderingLayerMask: 1
  m_RendererPriority: 0
  m_Materials:
  - {fileID: 10754, guid: 0000000000000000f000000000000000, type: 0}
  m_StaticBatchInfo:
    firstSubMesh: 0
    subMeshCount: 0
  m_StaticBatchRoot: {fileID: 0}
  m_ProbeAnchor: {fileID: 0}
  m_LightProbeVolumeOverride: {fileID: 0}
  m_ScaleInLightmap: 1
  m_ReceiveGI: 1
  m_PreserveUVs: 0
  m_IgnoreNormalsForChartDetection: 0
  m_ImportantGI: 0
  m_StitchLightmapSeams: 1
  m_SelectedEditorRenderState: 0
  m_MinimumChartSize: 4
  m_AutoUVMaxDistance: 0.5
  m_AutoUVMaxAngle: 89
  m_LightmapParameters: {fileID: 0}
  m_SortingLayerID: 1866638105
  m_SortingLayer: -1
  m_SortingOrder: 0
  m_Sprite: {fileID: -5338916450535196979, guid: bc232aa4ad284ff48b98f39ea44609c5,
    type: 3}
  m_Color: {r: 1, g: 1, b: 1, a: 1}
  m_FlipX: 0
  m_FlipY: 0
  m_DrawMode: 0
  m_Size: {x: 9.69, y: 4.58}
  m_AdaptiveModeThreshold: 0.5
  m_SpriteTileMode: 0
  m_WasSpriteAssigned: 1
  m_MaskInteraction: 0
  m_SpriteSortPoint: 0
--- !u!60 &1667135426
PolygonCollider2D:
  m_ObjectHideFlags: 0
  m_CorrespondingSourceObject: {fileID: 0}
  m_PrefabInstance: {fileID: 0}
  m_PrefabAsset: {fileID: 0}
  m_GameObject: {fileID: 1667135423}
  m_Enabled: 1
  m_Density: 1
  m_Material: {fileID: 0}
  m_IsTrigger: 0
  m_UsedByEffector: 0
  m_UsedByComposite: 0
  m_Offset: {x: 0, y: 0}
  m_SpriteTilingProperty:
    border: {x: 0, y: 0, z: 0, w: 0}
    pivot: {x: 0.5, y: 0.5}
    oldSize: {x: 9.69, y: 4.58}
    newSize: {x: 9.69, y: 4.58}
    adaptiveTilingThreshold: 0.5
    drawMode: 0
    adaptiveTiling: 0
  m_AutoTiling: 0
  m_Points:
    m_Paths:
    - - {x: 0.919014, y: 1.3414707}
      - {x: -2.96801, y: 1.4205151}
      - {x: -4.3710175, y: 0.53528976}
      - {x: -4.845, y: -2.29}
      - {x: 0.35017014, y: -1.9738255}
      - {x: 2.7120857, y: -0.5214691}
      - {x: 3.7390442, y: 0.70573425}
--- !u!1 &1722651815
GameObject:
  m_ObjectHideFlags: 0
  m_CorrespondingSourceObject: {fileID: 0}
  m_PrefabInstance: {fileID: 0}
  m_PrefabAsset: {fileID: 0}
  serializedVersion: 6
  m_Component:
  - component: {fileID: 1722651817}
  - component: {fileID: 1722651816}
  - component: {fileID: 1722651818}
  - component: {fileID: 1722651819}
  m_Layer: 0
  m_Name: obstacle
  m_TagString: Untagged
  m_Icon: {fileID: 0}
  m_NavMeshLayer: 0
  m_StaticEditorFlags: 0
  m_IsActive: 1
--- !u!212 &1722651816
SpriteRenderer:
  m_ObjectHideFlags: 0
  m_CorrespondingSourceObject: {fileID: 0}
  m_PrefabInstance: {fileID: 0}
  m_PrefabAsset: {fileID: 0}
  m_GameObject: {fileID: 1722651815}
  m_Enabled: 1
  m_CastShadows: 0
  m_ReceiveShadows: 0
  m_DynamicOccludee: 1
  m_MotionVectors: 1
  m_LightProbeUsage: 1
  m_ReflectionProbeUsage: 1
  m_RenderingLayerMask: 1
  m_RendererPriority: 0
  m_Materials:
  - {fileID: 10754, guid: 0000000000000000f000000000000000, type: 0}
  m_StaticBatchInfo:
    firstSubMesh: 0
    subMeshCount: 0
  m_StaticBatchRoot: {fileID: 0}
  m_ProbeAnchor: {fileID: 0}
  m_LightProbeVolumeOverride: {fileID: 0}
  m_ScaleInLightmap: 1
  m_ReceiveGI: 1
  m_PreserveUVs: 0
  m_IgnoreNormalsForChartDetection: 0
  m_ImportantGI: 0
  m_StitchLightmapSeams: 1
  m_SelectedEditorRenderState: 0
  m_MinimumChartSize: 4
  m_AutoUVMaxDistance: 0.5
  m_AutoUVMaxAngle: 89
  m_LightmapParameters: {fileID: 0}
  m_SortingLayerID: 1866638105
  m_SortingLayer: -1
  m_SortingOrder: 3
  m_Sprite: {fileID: 21300000, guid: f81b3e2955db6a247a0fee82fd7a0b4f, type: 3}
  m_Color: {r: 1, g: 1, b: 1, a: 1}
  m_FlipX: 0
  m_FlipY: 0
  m_DrawMode: 0
  m_Size: {x: 5.12, y: 5.12}
  m_AdaptiveModeThreshold: 0.5
  m_SpriteTileMode: 0
  m_WasSpriteAssigned: 1
  m_MaskInteraction: 0
  m_SpriteSortPoint: 0
--- !u!4 &1722651817
Transform:
  m_ObjectHideFlags: 0
  m_CorrespondingSourceObject: {fileID: 0}
  m_PrefabInstance: {fileID: 0}
  m_PrefabAsset: {fileID: 0}
  m_GameObject: {fileID: 1722651815}
  m_LocalRotation: {x: 0, y: 0, z: 0, w: 1}
  m_LocalPosition: {x: 40.3, y: 16.2, z: 0}
  m_LocalScale: {x: 1, y: 1, z: 1}
  m_Children:
  - {fileID: 352147336}
  - {fileID: 1667135424}
  - {fileID: 176101625}
  - {fileID: 239102854}
  m_Father: {fileID: 0}
  m_RootOrder: 10
  m_LocalEulerAnglesHint: {x: 0, y: 0, z: 0}
--- !u!60 &1722651818
PolygonCollider2D:
  m_ObjectHideFlags: 0
  m_CorrespondingSourceObject: {fileID: 0}
  m_PrefabInstance: {fileID: 0}
  m_PrefabAsset: {fileID: 0}
  m_GameObject: {fileID: 1722651815}
  m_Enabled: 1
  m_Density: 1
  m_Material: {fileID: 0}
  m_IsTrigger: 0
  m_UsedByEffector: 0
  m_UsedByComposite: 0
  m_Offset: {x: 0, y: 0}
  m_SpriteTilingProperty:
    border: {x: 0, y: 0, z: 0, w: 0}
    pivot: {x: 0.5, y: 0.5}
    oldSize: {x: 5.12, y: 5.12}
    newSize: {x: 5.12, y: 5.12}
    adaptiveTilingThreshold: 0.5
    drawMode: 0
    adaptiveTiling: 0
  m_AutoTiling: 0
  m_Points:
    m_Paths:
    - - {x: 0.91999996, y: -1.03}
      - {x: 1.1999999, y: -1.03}
      - {x: 1.49, y: -1.02}
      - {x: 1.54, y: -1.01}
      - {x: 1.9, y: -0.90999997}
      - {x: 2.03, y: -0.87}
      - {x: 2.21, y: -0.71}
      - {x: 2.23, y: -0.62}
      - {x: 2.24, y: -0.48}
      - {x: 2.3899999, y: 0.48}
      - {x: 2.3999999, y: 1.03}
      - {x: 2.4099998, y: 1.04}
      - {x: 2.45, y: 1.39}
      - {x: 2.45, y: 1.51}
      - {x: 2.4299998, y: 1.5799999}
      - {x: 2.3899999, y: 1.5999999}
      - {x: 2.1299999, y: 1.3199999}
      - {x: 2.03, y: 1.0699999}
      - {x: 2.07, y: 0.97999996}
      - {x: 2, y: 0.96}
      - {x: 1.9699999, y: 0.94}
      - {x: 1.8499999, y: 0.65}
      - {x: 1.6899999, y: 0.26999998}
      - {x: 1.64, y: 0.16}
      - {x: 1.5799999, y: 0.19}
      - {x: 1.5799999, y: 0.51}
      - {x: 1.5699999, y: 0.76}
      - {x: 1.52, y: 0.81}
      - {x: 1.49, y: 0.82}
      - {x: 1.4399999, y: 0.72999996}
      - {x: 1.37, y: 0.51}
      - {x: 1.28, y: 0.29999998}
      - {x: 1.1999999, y: 0.34}
      - {x: 1.17, y: 0.42999998}
      - {x: 1.1899999, y: 0.51}
      - {x: 1.28, y: 0.89}
      - {x: 1.38, y: 1.25}
      - {x: 1.43, y: 1.4499999}
      - {x: 1.4, y: 1.4599999}
      - {x: 1.3399999, y: 1.4}
      - {x: 1.11, y: 1.06}
      - {x: 1.05, y: 0.90999997}
      - {x: 1.02, y: 0.78999996}
      - {x: 1, y: 0.85999995}
      - {x: 0.96999997, y: 0.90999997}
      - {x: 0.93, y: 0.91999996}
      - {x: 0.84, y: 0.83}
      - {x: 0.76, y: 0.84999996}
      - {x: 0.74, y: 0.91999996}
      - {x: 0.68, y: 0.96999997}
      - {x: 0.62, y: 0.85999995}
      - {x: 0.56, y: 0.66999996}
      - {x: 0.51, y: 0.53999996}
      - {x: 0.48999998, y: 0.59999996}
      - {x: 0.48, y: 0.61}
      - {x: 0.48, y: 1.0799999}
      - {x: 0.41, y: 1.14}
      - {x: 0.47, y: 1.28}
      - {x: 0.45999998, y: 1.3299999}
      - {x: 0.44, y: 1.64}
      - {x: 0.42, y: 1.65}
      - {x: 0.39, y: 1.64}
      - {x: 0.32, y: 1.42}
      - {x: 0.21, y: 0.97999996}
      - {x: 0.16, y: 0.79999995}
      - {x: 0.14, y: 0.71}
      - {x: 0.12, y: 0.79999995}
      - {x: 0.04, y: 1.0699999}
      - {x: 0.01, y: 1.14}
      - {x: -0.08, y: 1.26}
      - {x: -0.12, y: 1.31}
      - {x: -0.17999999, y: 1.43}
      - {x: -0.22999999, y: 1.55}
      - {x: -0.24, y: 1.63}
      - {x: -0.29, y: 1.65}
      - {x: -0.31, y: 1.62}
      - {x: -0.42999998, y: 1.18}
      - {x: -0.5, y: 0.93}
      - {x: -0.71999997, y: 0.16}
      - {x: -0.79999995, y: 0.19999999}
      - {x: -0.88, y: 0.35999998}
      - {x: -1, y: 0.57}
      - {x: -1.05, y: 0.64}
      - {x: -1.09, y: 0.65}
      - {x: -1.1899999, y: 0.53999996}
      - {x: -1.26, y: 0.53}
      - {x: -1.3199999, y: 0.45}
      - {x: -1.3299999, y: 0.41}
      - {x: -1.41, y: 0.56}
      - {x: -1.66, y: 1.01}
      - {x: -1.6999999, y: 1.05}
      - {x: -1.7199999, y: 1.05}
      - {x: -1.73, y: 1.02}
      - {x: -1.7099999, y: 0.65}
      - {x: -1.62, y: 0.26}
      - {x: -1.5899999, y: 0.06}
      - {x: -1.63, y: -0.01}
      - {x: -1.65, y: 0.089999996}
      - {x: -1.74, y: 0.38}
      - {x: -1.8199999, y: 0.53999996}
      - {x: -1.99, y: 0.91999996}
      - {x: -2.02, y: 0.94}
      - {x: -2.07, y: 0.96999997}
      - {x: -2.1, y: 0.94}
      - {x: -2.26, y: 0.03}
      - {x: -2.33, y: -0.32999998}
      - {x: -2.3999999, y: -0.82}
      - {x: -2.3999999, y: -0.84999996}
      - {x: -2.35, y: -0.87}
      - {x: -2.23, y: -0.88}
      - {x: -1.75, y: -0.94}
      - {x: -1.63, y: -0.95}
      - {x: -1.36, y: -0.96}
      - {x: -1.03, y: -0.97999996}
      - {x: -1.04, y: -1.02}
      - {x: -1.01, y: -1.04}
      - {x: -0.98999995, y: -1.02}
      - {x: -0.82, y: -1.03}
      - {x: -0.53999996, y: -1.03}
      - {x: -0.51, y: -1.06}
      - {x: -0.48999998, y: -1.06}
      - {x: -0.47, y: -1.04}
      - {x: -0.19999999, y: -1.05}
      - {x: 0.11, y: -1.06}
      - {x: 0.26999998, y: -1.12}
      - {x: 0.41, y: -1.12}
      - {x: 0.64, y: -1.11}
      - {x: 0.82, y: -1.1}
      - {x: 0.84999996, y: -1.09}
--- !u!114 &1722651819
MonoBehaviour:
  m_ObjectHideFlags: 0
  m_CorrespondingSourceObject: {fileID: 0}
  m_PrefabInstance: {fileID: 0}
  m_PrefabAsset: {fileID: 0}
  m_GameObject: {fileID: 1722651815}
  m_Enabled: 1
  m_EditorHideFlags: 0
  m_Script: {fileID: 11500000, guid: ccc6067b95c13b1458fbcaf0dde2a5e1, type: 3}
  m_Name: 
  m_EditorClassIdentifier: 
  GraphHandler: {fileID: 1909628483}
--- !u!1001 &1736515101
PrefabInstance:
  m_ObjectHideFlags: 0
  serializedVersion: 2
  m_Modification:
    m_TransformParent: {fileID: 392200098}
    m_Modifications:
    - target: {fileID: 7660207042568269634, guid: a3640d08830f1a14396254671dd43571,
        type: 3}
      propertyPath: m_Name
      value: Island_2
      objectReference: {fileID: 0}
    - target: {fileID: 6331010370979126474, guid: a3640d08830f1a14396254671dd43571,
        type: 3}
      propertyPath: m_LocalPosition.x
      value: 0
      objectReference: {fileID: 0}
    - target: {fileID: 6331010370979126474, guid: a3640d08830f1a14396254671dd43571,
        type: 3}
      propertyPath: m_LocalPosition.y
      value: 0
      objectReference: {fileID: 0}
    - target: {fileID: 6331010370979126474, guid: a3640d08830f1a14396254671dd43571,
        type: 3}
      propertyPath: m_LocalPosition.z
      value: 0
      objectReference: {fileID: 0}
    - target: {fileID: 6331010370979126474, guid: a3640d08830f1a14396254671dd43571,
        type: 3}
      propertyPath: m_LocalRotation.x
      value: -0
      objectReference: {fileID: 0}
    - target: {fileID: 6331010370979126474, guid: a3640d08830f1a14396254671dd43571,
        type: 3}
      propertyPath: m_LocalRotation.y
      value: -0
      objectReference: {fileID: 0}
    - target: {fileID: 6331010370979126474, guid: a3640d08830f1a14396254671dd43571,
        type: 3}
      propertyPath: m_LocalRotation.z
      value: -0
      objectReference: {fileID: 0}
    - target: {fileID: 6331010370979126474, guid: a3640d08830f1a14396254671dd43571,
        type: 3}
      propertyPath: m_LocalRotation.w
      value: 1
      objectReference: {fileID: 0}
    - target: {fileID: 6331010370979126474, guid: a3640d08830f1a14396254671dd43571,
        type: 3}
      propertyPath: m_RootOrder
      value: 0
      objectReference: {fileID: 0}
    - target: {fileID: 6331010370979126474, guid: a3640d08830f1a14396254671dd43571,
        type: 3}
      propertyPath: m_LocalEulerAnglesHint.x
      value: 0
      objectReference: {fileID: 0}
    - target: {fileID: 6331010370979126474, guid: a3640d08830f1a14396254671dd43571,
        type: 3}
      propertyPath: m_LocalEulerAnglesHint.y
      value: 0
      objectReference: {fileID: 0}
    - target: {fileID: 6331010370979126474, guid: a3640d08830f1a14396254671dd43571,
        type: 3}
      propertyPath: m_LocalEulerAnglesHint.z
      value: 0
      objectReference: {fileID: 0}
    - target: {fileID: 824228166519434008, guid: a3640d08830f1a14396254671dd43571,
        type: 3}
      propertyPath: m_Points.Array.size
      value: 4
      objectReference: {fileID: 0}
    - target: {fileID: 824228166519434008, guid: a3640d08830f1a14396254671dd43571,
        type: 3}
      propertyPath: m_Points.Array.data[1].x
      value: -5.145399
      objectReference: {fileID: 0}
    - target: {fileID: 824228166519434008, guid: a3640d08830f1a14396254671dd43571,
        type: 3}
      propertyPath: m_Points.Array.data[1].y
      value: 1.7304268
      objectReference: {fileID: 0}
    - target: {fileID: 824228166519434008, guid: a3640d08830f1a14396254671dd43571,
        type: 3}
      propertyPath: m_Points.Array.data[2].x
      value: 4.4046435
      objectReference: {fileID: 0}
    - target: {fileID: 824228166519434008, guid: a3640d08830f1a14396254671dd43571,
        type: 3}
      propertyPath: m_Points.Array.data[2].y
      value: 2.1770325
      objectReference: {fileID: 0}
    - target: {fileID: 824228166519434008, guid: a3640d08830f1a14396254671dd43571,
        type: 3}
      propertyPath: m_Points.Array.data[3].x
      value: 2.925075
      objectReference: {fileID: 0}
    - target: {fileID: 824228166519434008, guid: a3640d08830f1a14396254671dd43571,
        type: 3}
      propertyPath: m_Points.Array.data[3].y
      value: -1.7668076
      objectReference: {fileID: 0}
    - target: {fileID: 824228166519434008, guid: a3640d08830f1a14396254671dd43571,
        type: 3}
      propertyPath: m_Points.Array.data[0].x
      value: -3.582008
      objectReference: {fileID: 0}
    - target: {fileID: 824228166519434008, guid: a3640d08830f1a14396254671dd43571,
        type: 3}
      propertyPath: m_Points.Array.data[0].y
      value: -1.6503315
      objectReference: {fileID: 0}
    - target: {fileID: -4290239245181359094, guid: a3640d08830f1a14396254671dd43571,
        type: 3}
      propertyPath: isAlive
      value: 0
      objectReference: {fileID: 0}
    m_RemovedComponents: []
  m_SourcePrefab: {fileID: 100100000, guid: a3640d08830f1a14396254671dd43571, type: 3}
--- !u!1001 &1780168860
PrefabInstance:
  m_ObjectHideFlags: 0
  serializedVersion: 2
  m_Modification:
    m_TransformParent: {fileID: 0}
    m_Modifications:
    - target: {fileID: 894725827924895935, guid: 6732ce8ac7626fa4a9cb4e41594f3f83,
        type: 3}
      propertyPath: m_Name
      value: Island2
      objectReference: {fileID: 0}
    - target: {fileID: 4240488498733792693, guid: 6732ce8ac7626fa4a9cb4e41594f3f83,
        type: 3}
      propertyPath: m_LocalPosition.x
      value: 57.00056
      objectReference: {fileID: 0}
    - target: {fileID: 4240488498733792693, guid: 6732ce8ac7626fa4a9cb4e41594f3f83,
        type: 3}
      propertyPath: m_LocalPosition.y
      value: 9.2429695
      objectReference: {fileID: 0}
    - target: {fileID: 4240488498733792693, guid: 6732ce8ac7626fa4a9cb4e41594f3f83,
        type: 3}
      propertyPath: m_LocalPosition.z
      value: 0
      objectReference: {fileID: 0}
    - target: {fileID: 4240488498733792693, guid: 6732ce8ac7626fa4a9cb4e41594f3f83,
        type: 3}
      propertyPath: m_LocalRotation.x
      value: -0
      objectReference: {fileID: 0}
    - target: {fileID: 4240488498733792693, guid: 6732ce8ac7626fa4a9cb4e41594f3f83,
        type: 3}
      propertyPath: m_LocalRotation.y
      value: -0
      objectReference: {fileID: 0}
    - target: {fileID: 4240488498733792693, guid: 6732ce8ac7626fa4a9cb4e41594f3f83,
        type: 3}
      propertyPath: m_LocalRotation.z
      value: -0
      objectReference: {fileID: 0}
    - target: {fileID: 4240488498733792693, guid: 6732ce8ac7626fa4a9cb4e41594f3f83,
        type: 3}
      propertyPath: m_LocalRotation.w
      value: 1
      objectReference: {fileID: 0}
    - target: {fileID: 4240488498733792693, guid: 6732ce8ac7626fa4a9cb4e41594f3f83,
        type: 3}
      propertyPath: m_RootOrder
      value: 7
      objectReference: {fileID: 0}
    - target: {fileID: 4240488498733792693, guid: 6732ce8ac7626fa4a9cb4e41594f3f83,
        type: 3}
      propertyPath: m_LocalEulerAnglesHint.x
      value: 0
      objectReference: {fileID: 0}
    - target: {fileID: 4240488498733792693, guid: 6732ce8ac7626fa4a9cb4e41594f3f83,
        type: 3}
      propertyPath: m_LocalEulerAnglesHint.y
      value: 0
      objectReference: {fileID: 0}
    - target: {fileID: 4240488498733792693, guid: 6732ce8ac7626fa4a9cb4e41594f3f83,
        type: 3}
      propertyPath: m_LocalEulerAnglesHint.z
      value: 0
      objectReference: {fileID: 0}
    - target: {fileID: 8624854831808195530, guid: 6732ce8ac7626fa4a9cb4e41594f3f83,
        type: 3}
      propertyPath: isAlive
      value: 0
      objectReference: {fileID: 0}
    m_RemovedComponents: []
  m_SourcePrefab: {fileID: 100100000, guid: 6732ce8ac7626fa4a9cb4e41594f3f83, type: 3}
--- !u!4 &1803856466 stripped
Transform:
  m_CorrespondingSourceObject: {fileID: 2431887512986911591, guid: 3042a0432861c52429bd1dcdde81bb27,
    type: 3}
  m_PrefabInstance: {fileID: 909155044}
  m_PrefabAsset: {fileID: 0}
--- !u!4 &1894266070 stripped
Transform:
  m_CorrespondingSourceObject: {fileID: 2431887512986911591, guid: 3042a0432861c52429bd1dcdde81bb27,
    type: 3}
  m_PrefabInstance: {fileID: 915216033}
  m_PrefabAsset: {fileID: 0}
--- !u!114 &1909628483 stripped
MonoBehaviour:
  m_CorrespondingSourceObject: {fileID: 5899922988614249476, guid: fed181cd8f04cf04d8ca27010a67c4e1,
    type: 3}
  m_PrefabInstance: {fileID: 5899922987607434208}
  m_PrefabAsset: {fileID: 0}
  m_GameObject: {fileID: 0}
  m_Enabled: 1
  m_EditorHideFlags: 0
  m_Script: {fileID: 11500000, guid: 52660655ddd755e4db869ddd3a338607, type: 3}
  m_Name: 
  m_EditorClassIdentifier: 
--- !u!4 &1984030991 stripped
Transform:
  m_CorrespondingSourceObject: {fileID: 2431887512986911591, guid: 3042a0432861c52429bd1dcdde81bb27,
    type: 3}
  m_PrefabInstance: {fileID: 1302561664}
  m_PrefabAsset: {fileID: 0}
--- !u!1001 &1543770065772769078
PrefabInstance:
  m_ObjectHideFlags: 0
  serializedVersion: 2
  m_Modification:
    m_TransformParent: {fileID: 0}
    m_Modifications:
    - target: {fileID: 1543770065746384714, guid: fad2c2925015cc34bb4ce446c14046e1,
        type: 3}
      propertyPath: m_Name
      value: Main Camera
      objectReference: {fileID: 0}
    - target: {fileID: 1543770065746384822, guid: fad2c2925015cc34bb4ce446c14046e1,
        type: 3}
      propertyPath: m_LocalPosition.x
      value: 31.8
      objectReference: {fileID: 0}
    - target: {fileID: 1543770065746384822, guid: fad2c2925015cc34bb4ce446c14046e1,
        type: 3}
      propertyPath: m_LocalPosition.y
      value: 22.2
      objectReference: {fileID: 0}
    - target: {fileID: 1543770065746384822, guid: fad2c2925015cc34bb4ce446c14046e1,
        type: 3}
      propertyPath: m_LocalPosition.z
      value: -62.3
      objectReference: {fileID: 0}
    - target: {fileID: 1543770065746384822, guid: fad2c2925015cc34bb4ce446c14046e1,
        type: 3}
      propertyPath: m_LocalRotation.x
      value: 0
      objectReference: {fileID: 0}
    - target: {fileID: 1543770065746384822, guid: fad2c2925015cc34bb4ce446c14046e1,
        type: 3}
      propertyPath: m_LocalRotation.y
      value: 0
      objectReference: {fileID: 0}
    - target: {fileID: 1543770065746384822, guid: fad2c2925015cc34bb4ce446c14046e1,
        type: 3}
      propertyPath: m_LocalRotation.z
      value: 0
      objectReference: {fileID: 0}
    - target: {fileID: 1543770065746384822, guid: fad2c2925015cc34bb4ce446c14046e1,
        type: 3}
      propertyPath: m_LocalRotation.w
      value: 1
      objectReference: {fileID: 0}
    - target: {fileID: 1543770065746384822, guid: fad2c2925015cc34bb4ce446c14046e1,
        type: 3}
      propertyPath: m_RootOrder
      value: 0
      objectReference: {fileID: 0}
    - target: {fileID: 1543770065746384822, guid: fad2c2925015cc34bb4ce446c14046e1,
        type: 3}
      propertyPath: m_LocalEulerAnglesHint.x
      value: 0
      objectReference: {fileID: 0}
    - target: {fileID: 1543770065746384822, guid: fad2c2925015cc34bb4ce446c14046e1,
        type: 3}
      propertyPath: m_LocalEulerAnglesHint.y
      value: 0
      objectReference: {fileID: 0}
    - target: {fileID: 1543770065746384822, guid: fad2c2925015cc34bb4ce446c14046e1,
        type: 3}
      propertyPath: m_LocalEulerAnglesHint.z
      value: 0
      objectReference: {fileID: 0}
    - target: {fileID: 1543770066443875064, guid: fad2c2925015cc34bb4ce446c14046e1,
        type: 3}
      propertyPath: m_SortingOrder
      value: -150
      objectReference: {fileID: 0}
    - target: {fileID: 1543770066443875065, guid: fad2c2925015cc34bb4ce446c14046e1,
        type: 3}
      propertyPath: m_LocalScale.x
      value: 146.159
      objectReference: {fileID: 0}
    - target: {fileID: 1543770065746384820, guid: fad2c2925015cc34bb4ce446c14046e1,
        type: 3}
      propertyPath: antialiasingMode
      value: 1
      objectReference: {fileID: 0}
    m_RemovedComponents: []
  m_SourcePrefab: {fileID: 100100000, guid: fad2c2925015cc34bb4ce446c14046e1, type: 3}
--- !u!1001 &5899922987607434208
PrefabInstance:
  m_ObjectHideFlags: 0
  serializedVersion: 2
  m_Modification:
    m_TransformParent: {fileID: 0}
    m_Modifications:
    - target: {fileID: 5899922988614249475, guid: fed181cd8f04cf04d8ca27010a67c4e1,
        type: 3}
      propertyPath: m_Name
      value: Level
      objectReference: {fileID: 0}
    - target: {fileID: 5899922988614249476, guid: fed181cd8f04cf04d8ca27010a67c4e1,
        type: 3}
      propertyPath: endScreen
      value: 
      objectReference: {fileID: 952331777}
    - target: {fileID: 5899922988614249477, guid: fed181cd8f04cf04d8ca27010a67c4e1,
        type: 3}
      propertyPath: m_LocalPosition.x
      value: 10.507869
      objectReference: {fileID: 0}
    - target: {fileID: 5899922988614249477, guid: fed181cd8f04cf04d8ca27010a67c4e1,
        type: 3}
      propertyPath: m_LocalPosition.y
      value: 3.5874813
      objectReference: {fileID: 0}
    - target: {fileID: 5899922988614249477, guid: fed181cd8f04cf04d8ca27010a67c4e1,
        type: 3}
      propertyPath: m_LocalPosition.z
      value: -2.433907
      objectReference: {fileID: 0}
    - target: {fileID: 5899922988614249477, guid: fed181cd8f04cf04d8ca27010a67c4e1,
        type: 3}
      propertyPath: m_LocalRotation.x
      value: 0
      objectReference: {fileID: 0}
    - target: {fileID: 5899922988614249477, guid: fed181cd8f04cf04d8ca27010a67c4e1,
        type: 3}
      propertyPath: m_LocalRotation.y
      value: 0
      objectReference: {fileID: 0}
    - target: {fileID: 5899922988614249477, guid: fed181cd8f04cf04d8ca27010a67c4e1,
        type: 3}
      propertyPath: m_LocalRotation.z
      value: 0
      objectReference: {fileID: 0}
    - target: {fileID: 5899922988614249477, guid: fed181cd8f04cf04d8ca27010a67c4e1,
        type: 3}
      propertyPath: m_LocalRotation.w
      value: 1
      objectReference: {fileID: 0}
    - target: {fileID: 5899922988614249477, guid: fed181cd8f04cf04d8ca27010a67c4e1,
        type: 3}
      propertyPath: m_RootOrder
      value: 1
      objectReference: {fileID: 0}
    - target: {fileID: 5899922988614249477, guid: fed181cd8f04cf04d8ca27010a67c4e1,
        type: 3}
      propertyPath: m_LocalEulerAnglesHint.x
      value: 0
      objectReference: {fileID: 0}
    - target: {fileID: 5899922988614249477, guid: fed181cd8f04cf04d8ca27010a67c4e1,
        type: 3}
      propertyPath: m_LocalEulerAnglesHint.y
      value: 0
      objectReference: {fileID: 0}
    - target: {fileID: 5899922988614249477, guid: fed181cd8f04cf04d8ca27010a67c4e1,
        type: 3}
      propertyPath: m_LocalEulerAnglesHint.z
      value: 0
      objectReference: {fileID: 0}
    m_RemovedComponents: []
  m_SourcePrefab: {fileID: 100100000, guid: fed181cd8f04cf04d8ca27010a67c4e1, type: 3}
--- !u!1001 &7647347952976402388
PrefabInstance:
  m_ObjectHideFlags: 0
  serializedVersion: 2
  m_Modification:
    m_TransformParent: {fileID: 0}
    m_Modifications:
    - target: {fileID: 7647347954054561245, guid: 7a5685bfe8576d542acda6cfef1468be,
        type: 3}
      propertyPath: m_Name
      value: GameCanvas
      objectReference: {fileID: 0}
    - target: {fileID: 7647347954054561241, guid: 7a5685bfe8576d542acda6cfef1468be,
        type: 3}
      propertyPath: m_LocalPosition.x
      value: 0
      objectReference: {fileID: 0}
    - target: {fileID: 7647347954054561241, guid: 7a5685bfe8576d542acda6cfef1468be,
        type: 3}
      propertyPath: m_LocalPosition.y
      value: 0
      objectReference: {fileID: 0}
    - target: {fileID: 7647347954054561241, guid: 7a5685bfe8576d542acda6cfef1468be,
        type: 3}
      propertyPath: m_LocalPosition.z
      value: 0
      objectReference: {fileID: 0}
    - target: {fileID: 7647347954054561241, guid: 7a5685bfe8576d542acda6cfef1468be,
        type: 3}
      propertyPath: m_LocalRotation.x
      value: 0
      objectReference: {fileID: 0}
    - target: {fileID: 7647347954054561241, guid: 7a5685bfe8576d542acda6cfef1468be,
        type: 3}
      propertyPath: m_LocalRotation.y
      value: 0
      objectReference: {fileID: 0}
    - target: {fileID: 7647347954054561241, guid: 7a5685bfe8576d542acda6cfef1468be,
        type: 3}
      propertyPath: m_LocalRotation.z
      value: 0
      objectReference: {fileID: 0}
    - target: {fileID: 7647347954054561241, guid: 7a5685bfe8576d542acda6cfef1468be,
        type: 3}
      propertyPath: m_LocalRotation.w
      value: 1
      objectReference: {fileID: 0}
    - target: {fileID: 7647347954054561241, guid: 7a5685bfe8576d542acda6cfef1468be,
        type: 3}
      propertyPath: m_RootOrder
      value: 3
      objectReference: {fileID: 0}
    - target: {fileID: 7647347954054561241, guid: 7a5685bfe8576d542acda6cfef1468be,
        type: 3}
      propertyPath: m_LocalEulerAnglesHint.x
      value: 0
      objectReference: {fileID: 0}
    - target: {fileID: 7647347954054561241, guid: 7a5685bfe8576d542acda6cfef1468be,
        type: 3}
      propertyPath: m_LocalEulerAnglesHint.y
      value: 0
      objectReference: {fileID: 0}
    - target: {fileID: 7647347954054561241, guid: 7a5685bfe8576d542acda6cfef1468be,
        type: 3}
      propertyPath: m_LocalEulerAnglesHint.z
      value: 0
      objectReference: {fileID: 0}
    - target: {fileID: 7647347954054561241, guid: 7a5685bfe8576d542acda6cfef1468be,
        type: 3}
      propertyPath: m_AnchoredPosition.x
      value: 0
      objectReference: {fileID: 0}
    - target: {fileID: 7647347954054561241, guid: 7a5685bfe8576d542acda6cfef1468be,
        type: 3}
      propertyPath: m_AnchoredPosition.y
      value: 0
      objectReference: {fileID: 0}
    - target: {fileID: 7647347954054561241, guid: 7a5685bfe8576d542acda6cfef1468be,
        type: 3}
      propertyPath: m_SizeDelta.x
      value: 0
      objectReference: {fileID: 0}
    - target: {fileID: 7647347954054561241, guid: 7a5685bfe8576d542acda6cfef1468be,
        type: 3}
      propertyPath: m_SizeDelta.y
      value: 0
      objectReference: {fileID: 0}
    - target: {fileID: 7647347954054561241, guid: 7a5685bfe8576d542acda6cfef1468be,
        type: 3}
      propertyPath: m_AnchorMin.x
      value: 0
      objectReference: {fileID: 0}
    - target: {fileID: 7647347954054561241, guid: 7a5685bfe8576d542acda6cfef1468be,
        type: 3}
      propertyPath: m_AnchorMin.y
      value: 0
      objectReference: {fileID: 0}
    - target: {fileID: 7647347954054561241, guid: 7a5685bfe8576d542acda6cfef1468be,
        type: 3}
      propertyPath: m_AnchorMax.x
      value: 0
      objectReference: {fileID: 0}
    - target: {fileID: 7647347954054561241, guid: 7a5685bfe8576d542acda6cfef1468be,
        type: 3}
      propertyPath: m_AnchorMax.y
      value: 0
      objectReference: {fileID: 0}
    - target: {fileID: 7647347954054561241, guid: 7a5685bfe8576d542acda6cfef1468be,
        type: 3}
      propertyPath: m_Pivot.x
      value: 0
      objectReference: {fileID: 0}
    - target: {fileID: 7647347954054561241, guid: 7a5685bfe8576d542acda6cfef1468be,
        type: 3}
      propertyPath: m_Pivot.y
      value: 0
      objectReference: {fileID: 0}
    - target: {fileID: 7647347952714814079, guid: 7a5685bfe8576d542acda6cfef1468be,
        type: 3}
      propertyPath: m_OnClick.m_PersistentCalls.m_Calls.Array.data[0].m_Target
      value: 
      objectReference: {fileID: 159451632}
    - target: {fileID: 6439782658095807256, guid: 7a5685bfe8576d542acda6cfef1468be,
        type: 3}
      propertyPath: m_OnClick.m_PersistentCalls.m_Calls.Array.data[0].m_Target
      value: 
      objectReference: {fileID: 159451632}
    - target: {fileID: 4144631331604161176, guid: 7a5685bfe8576d542acda6cfef1468be,
        type: 3}
      propertyPath: m_OnClick.m_PersistentCalls.m_Calls.Array.data[0].m_Target
      value: 
      objectReference: {fileID: 159451632}
    m_RemovedComponents: []
  m_SourcePrefab: {fileID: 100100000, guid: 7a5685bfe8576d542acda6cfef1468be, type: 3}
--- !u!114 &7647347952976402389 stripped
MonoBehaviour:
  m_CorrespondingSourceObject: {fileID: 4220756653938157041, guid: 7a5685bfe8576d542acda6cfef1468be,
    type: 3}
  m_PrefabInstance: {fileID: 7647347952976402388}
  m_PrefabAsset: {fileID: 0}
  m_GameObject: {fileID: 0}
  m_Enabled: 1
  m_EditorHideFlags: 0
  m_Script: {fileID: 11500000, guid: e4aab349403f47944a07e331bad352c9, type: 3}
  m_Name: 
  m_EditorClassIdentifier: 
